date,symbol,fiscalqtr,MarketCapBasic,TotalRevenue,CommonStock,NetIncome,TotalCurrentAssets,TotalCurrentLiabilities,TotalStockholdersEquity,EBIT,DebttoEquity,GrossMarginPctTTM,OperatingMarginPctTTM,BasicEPSNetIncome,PriceEarningsTTM,PriceEarningsFY,PriceBookFQ,ROA
2013-09-30 00:00:00.000000,MMM,Q3,130105625000.0,7916000000.0,9000000.0,1230000000.0,13282000000.0,7439000000.0,17796000000.0,1739000000.0,0.32462,0.4946,0.2285,1.81,27.459,28.9508,11.5381,0.06911665542818611
2013-09-30 00:00:00.000000,ABBV,Q3,147789600000.0,4658000000.0,16000000.0,964000000.0,16543000000.0,6875000000.0,3577000000.0,1371000000.0,4.14006,0.7505,0.3399,0.6,28.0606,29.2175,29.1226,0.2694995806541795
2013-09-30 00:00:00.000000,ACN,Q3,94167229797.0,7707935000.0,75000.0,810258000.0,12078919000.0,7630622000.0,5324867000.0,1141971000.0,0.0,0.299,0.126,1.25,26.7856,23.518,10.3276,0.15216492731179954
2013-09-30 00:00:00.000000,ATVI,Q3,49990200000.0,691000000.0,0.0,56000000.0,8251000000.0,1433000000.0,12139000000.0,70000000.0,0.18214,0.6436,0.1865,0.05,184.1667,175.8889,5.3673,0.004613230084850482
2013-09-30 00:00:00.000000,AYI,Q3,5296302000.0,541500000.0,500000.0,31700000.0,837400000.0,358100000.0,922600000.0,50000000.0,0.38316,0.4174,0.1393,0.74,15.8329,23.6984,3.2456,0.03435941903316714
2013-09-30 00:00:00.000000,ADBE,Q3,110831819640.0,995119000.0,61000.0,83002000.0,3886124000.0,1329117000.0,6834759000.0,110354000.0,0.22237,0.8659,0.312,0.16,60.064,52.3382,13.0289,0.01214410047230634
2013-09-30 00:00:00.000000,AMD,Q3,9510480000.0,1461000000.0,7000000.0,48000000.0,2939000000.0,1762000000.0,434000000.0,95000000.0,4.7212,0.3421,0.0383,0.06,249.75,257.0,16.9879,0.11059907834101383
2013-09-30 00:00:00.000000,AAP,Q3,7662260960.0,1520144000.0,7000.0,103830000.0,3378691000.0,2636344000.0,1467848000.0,170724000.0,0.41221,0.4358,0.0608,1.42,16.162,15.4798,2.2516,0.07073620701871039
2013-09-30 00:00:00.000000,AES,Q3,7644137255.0,3996000000.0,8000000.0,71000000.0,8251000000.0,8009000000.0,4813000000.0,800000000.0,4.37066,0.234,0.1561,0.09,-6.6023,-6.1534,3.1163,0.014751714107625182
2013-09-30 00:00:00.000000,A,Q3,21818650000.0,1652000000.0,6000000.0,168000000.0,4584000000.0,1550000000.0,4787000000.0,236000000.0,0.56424,0.5433,0.1893,0.5,114.4915,32.0896,4.825,0.03509504909128891
2013-09-30 00:00:00.000000,APD,Q3,36396503000.0,2547300000.0,249400000.0,288400000.0,3480700000.0,3357700000.0,6540800000.0,383100000.0,0.93724,0.2949,0.1831,1.38,12.8097,10.9898,3.5874,0.04409246575342466
2013-09-30 00:00:00.000000,AKAM,Q3,12232156700.0,395790000.0,2059000.0,79756000.0,910642000.0,285424000.0,2543130000.0,99521000.0,0.0,0.6501,0.1263,0.45,56.5873,51.2126,3.7195,0.03136135392213532
2013-09-30 00:00:00.000000,ALK,Q3,8056767290.0,1557000000.0,70000000.0,289000000.0,1935000000.0,1650000000.0,1802000000.0,470000000.0,0.49556,0.6116,0.1588,2.07,7.8311,8.7616,2.1765,0.16037735849056603
2013-09-30 00:00:00.000000,ALB,Q3,10841843500.0,591196000.0,814000.0,90512000.0,1394706000.0,410837000.0,1467095000.0,128802000.0,0.73607,0.3613,0.1913,1.11,199.4898,261.0,2.9895,0.06169470961321523
2013-09-30 00:00:00.000000,ALXN,Q3,24142720000.0,400405000.0,20000.0,93785000.0,1915502000.0,395456000.0,2354766000.0,135275000.0,0.05829,0.8721,0.1767,0.48,54.7107,60.399,2.7269,0.03982773659888074
2013-09-30 00:00:00.000000,ALGN,Q3,19786600950.0,164506000.0,8000.0,34537000.0,482259000.0,163268000.0,575684000.0,41464000.0,0.0,0.7581,0.24,0.43,87.3039,76.8824,17.5754,0.05999298226110158
2013-09-30 00:00:00.000000,ADS,Q3,11596328000.0,1096447000.0,954000.0,132878000.0,9110360000.0,3504255000.0,711419000.0,288768000.0,9.36892,0.3019,0.2163,2.73,14.4658,17.8885,5.8255,0.18677881810859703
2013-09-30 00:00:00.000000,LNT,Q3,9541738000.0,866600000.0,1100000.0,160200000.0,880100000.0,1052800000.0,3466700000.0,201400000.0,0.97802,0.3609,0.1932,1.42,20.8744,21.4121,2.1774,0.04621109412409496
2013-09-30 00:00:00.000000,GOOGL,Q3,742809680365.0,13754000000.0,25004000000.0,2970000000.0,68858000000.0,14475000000.0,82989000000.0,3761000000.0,0.06323,0.5888,0.2359,4.45,59.8511,57.6574,4.9614,0.035787875501572496
2013-09-30 00:00:00.000000,MO,Q3,109731343629.0,6553000000.0,935000000.0,1396000000.0,7549000000.0,8337000000.0,3981000000.0,2132000000.0,3.73675,0.4673,0.3736,0.7,10.7778,13.4482,7.1361,0.3506656618939965
2013-09-30 00:00:00.000000,AMZN,Q3,733195200000.0,17092000000.0,5000000.0,-41000000.0,17334000000.0,16135000000.0,9087000000.0,-25000000.0,0.33487,0.3707,0.0231,-0.09,248.3724,185.0427,27.1772,-0.004511940134257731
2013-09-30 00:00:00.000000,AEE,Q3,13651102000.0,1638000000.0,2000000.0,304000000.0,3273000000.0,3228000000.0,6574000000.0,567000000.0,0.93672,0.4583,0.236,1.25,26.2944,27.3102,1.9127,0.046242774566473986
2013-09-30 00:00:00.000000,AAL,Q3,22883091920.0,6828000000.0,342000000.0,289000000.0,10241000000.0,10098000000.0,-7922000000.0,701000000.0,-1.33388,0.7372,0.0961,1.16,11.9949,13.273,5.8587,-0.03648068669527897
2013-09-30 00:00:00.000000,AEP,Q3,33669631007.0,4176000000.0,3299000000.0,433000000.0,4317000000.0,5692000000.0,15762000000.0,875000000.0,1.19185,0.5816,0.2168,0.89,17.6443,18.9126,1.8442,0.027471133104935923
2013-09-30 00:00:00.000000,AMT,Q3,58498088220.0,807880000.0,3973000.0,180123000.0,4742036000.0,823319000.0,3528963000.0,308879000.0,3.58343,0.6914,0.2999,0.46,51.1685,53.0372,9.4492,0.051041339906369096
2013-09-30 00:00:00.000000,AWK,Q3,14893260000.0,822190000.0,1781000.0,150665000.0,613220000.0,1141473000.0,4632932000.0,323934000.0,1.2254,0.5895,0.3637,0.84,35.1555,38.2803,2.7812,0.032520442777921196
2013-09-30 00:00:00.000000,ABC,Q3,19620688010.0,21906648000.0,2671000.0,168439000.0,12139073000.0,12441648000.0,2418194000.0,134646000.0,0.57747,0.0297,0.0069,0.73,20.2867,49.5509,6.9037,0.06965487467093211
2013-09-30 00:00:00.000000,AME,Q3,17453660490.0,890006000.0,2577000.0,127864000.0,1308557000.0,732221000.0,2934228000.0,204686000.0,0.44308,0.3369,0.2128,0.52,25.7857,24.4831,4.3639,0.04357670910372336
2013-09-30 00:00:00.000000,AMGN,Q3,125410360000.0,4748000000.0,29665000000.0,1368000000.0,30675000000.0,4843000000.0,21728000000.0,1688000000.0,1.25133,0.8219,0.4365,1.81,63.777,64.1697,4.9957,0.06296023564064801
2013-09-30 00:00:00.000000,APH,Q3,26048697000.0,1153062000.0,158000.0,160798000.0,3077535000.0,893201000.0,2657249000.0,224483000.0,0.70356,0.3295,0.2036,0.51,41.3641,41.2207,6.7595,0.06051295907910775
2013-09-30 00:00:00.000000,APC,Q3,36436520000.0,3853000000.0,52000000.0,182000000.0,7140000000.0,4738000000.0,22342000000.0,689000000.0,0.61082,0.7083,-0.0564,0.36,-78.2235,-63.1059,3.4066,0.008146092561095695
2013-09-30 00:00:00.000000,ADI,Q3,33129787680.0,674172000.0,51783000.0,176239000.0,5244490000.0,491809000.0,4643236000.0,208342000.0,0.18782,0.6112,0.2117,0.57,42.9474,43.6411,3.2458,0.03795607201529278
2013-09-30 00:00:00.000000,ANSS,Q3,13919334640.0,212658000.0,932000.0,62430000.0,959956000.0,386956000.0,2088298000.0,81637000.0,0.0,0.8629,0.3567,0.67,54.9597,48.3902,6.3339,0.02989515864115179
2013-09-30 00:00:00.000000,AOS,Q3,10583064286.0,536200000.0,148600000.0,46200000.0,1165000000.0,535200000.0,1252600000.0,61600000.0,0.18186,0.4134,0.1737,0.5,38.3941,35.6279,6.9124,0.036883282771834586
2013-09-30 00:00:00.000000,APA,Q3,15792450000.0,4288000000.0,255000000.0,306000000.0,6016000000.0,4523000000.0,32981000000.0,1079000000.0,0.33125,0.7318,0.1323,0.75,12.1554,12.345,2.1407,0.009278069191352597
2013-12-31 00:00:00.000000,MMM,Q4,130105625000.0,7569000000.0,9000000.0,1103000000.0,12733000000.0,7498000000.0,17502000000.0,1579000000.0,0.34333,0.4946,0.2285,1.65,27.459,28.9508,11.5381,0.06302136898640155
2013-12-31 00:00:00.000000,ABBV,Q4,147789600000.0,5111000000.0,16000000.0,1128000000.0,17848000000.0,6879000000.0,4492000000.0,1535000000.0,3.2776,0.7505,0.3399,0.7,28.0606,29.2175,29.1226,0.25111308993766696
2013-12-31 00:00:00.000000,ACN,Q4,94167229797.0,7524994000.0,75000.0,671000000.0,11844178000.0,8160990000.0,4960186000.0,983503000.0,0.00516,0.299,0.126,1.04,26.7856,23.518,10.3276,0.13527718517007226
2013-12-31 00:00:00.000000,ATVI,Q4,49990200000.0,1518000000.0,0.0,173000000.0,6241000000.0,2405000000.0,6622000000.0,285000000.0,0.7087,0.6436,0.1865,0.23,184.1667,175.8889,5.3673,0.02612503775294473
2013-12-31 00:00:00.000000,AYI,Q4,5296302000.0,579800000.0,500000.0,44900000.0,913500000.0,386200000.0,993500000.0,78200000.0,0.35591,0.4174,0.1393,1.04,15.8329,23.6984,3.2456,0.04519375943633618
2013-12-31 00:00:00.000000,ADBE,Q4,110831819640.0,1041699000.0,61000.0,65320000.0,4045929000.0,1525648000.0,6724634000.0,102836000.0,0.22514,0.8659,0.312,0.13,60.064,52.3382,13.0289,0.009713539800084287
2013-12-31 00:00:00.000000,AMD,Q4,9510480000.0,1589000000.0,7000000.0,89000000.0,2884000000.0,1618000000.0,544000000.0,135000000.0,3.78309,0.3421,0.0383,0.12,249.75,257.0,16.9879,0.1636029411764706
2013-12-31 00:00:00.000000,AAP,Q4,7662260960.0,1408813000.0,7000.0,49267000.0,3989384000.0,2764785000.0,1516205000.0,90844000.0,0.69488,0.4358,0.0608,0.68,16.162,15.4798,2.2516,0.032493627181021036
2013-12-31 00:00:00.000000,AES,Q4,7644137255.0,3800000000.0,8000000.0,-206000000.0,7739000000.0,7653000000.0,4330000000.0,265000000.0,4.8612,0.234,0.1561,-0.28,-6.6023,-6.1534,3.1163,-0.04757505773672056
2013-12-31 00:00:00.000000,A,Q4,21818650000.0,-1170000000.0,6000000.0,221000000.0,4983000000.0,1602000000.0,5286000000.0,-280000000.0,0.51059,0.5433,0.1893,0.66,114.4915,32.0896,4.825,0.04180855088914113
2013-12-31 00:00:00.000000,APD,Q4,36396503000.0,2586500000.0,249400000.0,137100000.0,3439100000.0,3227600000.0,7042100000.0,179200000.0,0.89087,0.2949,0.1831,0.64,12.8097,10.9898,3.5874,0.01946862441601227
2013-12-31 00:00:00.000000,AKAM,Q4,12232156700.0,435980000.0,1808000.0,80349000.0,1029714000.0,263166000.0,2629431000.0,115756000.0,0.0,0.6501,0.1263,0.45,56.5873,51.2126,3.7195,0.030557561693005064
2013-12-31 00:00:00.000000,ALK,Q4,8056767290.0,1210000000.0,1000000.0,78000000.0,1762000000.0,1580000000.0,2029000000.0,130000000.0,0.42928,0.6116,0.1588,0.57,7.8311,8.7616,2.1765,0.03844258255298177
2013-12-31 00:00:00.000000,ALB,Q4,10841843500.0,639635000.0,801000.0,155933000.0,1482915000.0,436363000.0,1627361000.0,227110000.0,0.66295,0.3613,0.1913,1.89,199.4898,261.0,2.9895,0.09581955079419993
2013-12-31 00:00:00.000000,ALXN,Q4,24142720000.0,441909000.0,20000.0,-18992000.0,2186857000.0,582429000.0,2382079000.0,138072000.0,0.06097,0.8721,0.1767,-0.11,54.7107,60.399,2.7269,-0.007972867398604328
2013-12-31 00:00:00.000000,ALGN,Q4,19786600950.0,178292000.0,8000.0,42421000.0,544676000.0,175338000.0,633970000.0,52922000.0,0.0,0.7581,0.24,0.53,87.3039,76.8824,17.5754,0.06691326087985236
2013-12-31 00:00:00.000000,AGN,Q4,52910638000.0,-3295800000.0,0.0,-148400000.0,4434700000.0,3294900000.0,9532100000.0,-179000000.0,0.96928,0.864,-0.3715,-0.7,-12.0174,-12.4018,0.7167,-0.01556844766630648
2013-12-31 00:00:00.000000,ADS,Q4,11596328000.0,1141087000.0,983000.0,117873000.0,10400842000.0,4512498000.0,855761000.0,249739000.0,8.63816,0.3019,0.2163,2.4,14.4658,17.8885,5.8255,0.1377405607406741
2013-12-31 00:00:00.000000,LNT,Q4,9541738000.0,832600000.0,1100000.0,68100000.0,1011200000.0,1433300000.0,3481400000.0,108600000.0,1.03858,0.3609,0.1932,0.59,20.8744,21.4121,2.1774,0.01956109611076004
2013-12-31 00:00:00.000000,GOOGL,Q4,742809680365.0,15707000000.0,25922000000.0,3189000000.0,72886000000.0,15908000000.0,87309000000.0,4429000000.0,0.06007,0.5888,0.2359,4.76,59.8511,57.6574,4.9614,0.03652544411229083
2013-12-31 00:00:00.000000,MO,Q4,109731343629.0,6080000000.0,935000000.0,488000000.0,6590000000.0,7058000000.0,4119000000.0,1799000000.0,3.5244,0.4673,0.3736,0.24,10.7778,13.4482,7.1361,0.11847535809662539
2013-12-31 00:00:00.000000,AMZN,Q4,733195200000.0,25587000000.0,5000000.0,240000000.0,24625000000.0,22980000000.0,9746000000.0,510000000.0,0.32742,0.3707,0.0231,0.52,248.3724,185.0427,27.1772,0.02462548737943772
2013-12-31 00:00:00.000000,AEE,Q4,13651102000.0,1322000000.0,2000000.0,38000000.0,1972000000.0,2461000000.0,6544000000.0,171000000.0,0.97891,0.4583,0.236,0.15,26.2944,27.3102,1.9127,0.005806845965770171
2013-12-31 00:00:00.000000,AAL,Q4,22883091920.0,7368000000.0,5000000.0,-2001000000.0,14323000000.0,13806000000.0,-2731000000.0,115000000.0,-6.15123,0.7372,0.0961,-7.21,11.9949,13.273,5.8587,0.7326986451849139
2013-12-31 00:00:00.000000,AEP,Q4,33669631007.0,3230000000.0,3303000000.0,347000000.0,4310000000.0,6112000000.0,16085000000.0,646000000.0,1.18956,0.5816,0.2168,0.71,17.6443,18.9126,1.8442,0.021572894000621696
2013-12-31 00:00:00.000000,AMT,Q4,58498088220.0,941969000.0,3976000.0,99982000.0,986087000.0,932663000.0,3534165000.0,292928000.0,4.09666,0.6914,0.2999,0.26,51.1685,53.0372,9.4492,0.028290133595913036
2013-12-31 00:00:00.000000,AWK,Q4,14893260000.0,706000000.0,1784000.0,59000000.0,571807000.0,1235533000.0,4727804000.0,218000000.0,1.23892,0.5895,0.3637,0.33,35.1555,38.2803,2.7812,0.012479366741937694
2013-12-31 00:00:00.000000,ABC,Q4,19620688010.0,24469040000.0,2678000.0,51023000.0,14393651000.0,14870635000.0,2319745000.0,114190000.0,0.60205,0.0297,0.0069,0.23,20.2867,49.5509,6.9037,0.02199508997756219
2013-12-31 00:00:00.000000,AME,Q4,17453660490.0,942468000.0,2581000.0,135668000.0,1369129000.0,874545000.0,3136121000.0,210545000.0,0.45122,0.3369,0.2128,0.56,25.7857,24.4831,4.3639,0.04325981044736475
2013-12-31 00:00:00.000000,AMGN,Q4,125410360000.0,5011000000.0,29891000000.0,1021000000.0,27367000000.0,7947000000.0,22096000000.0,1187000000.0,1.45402,0.8219,0.4365,1.35,63.777,64.1697,4.9957,0.046207458363504705
2013-12-31 00:00:00.000000,APH,Q4,26048697000.0,1245800000.0,300000.0,167900000.0,3157600000.0,1609900000.0,2859500000.0,241300000.0,0.74589,0.3295,0.2036,0.53,41.3641,41.2207,6.7595,0.05871655883895786
2013-12-31 00:00:00.000000,APC,Q4,36436520000.0,3338000000.0,52000000.0,-770000000.0,7108000000.0,5703000000.0,21857000000.0,215000000.0,0.62062,0.7083,-0.0564,-1.53,-78.2235,-63.1059,3.4066,-0.035228988424760944
2013-12-31 00:00:00.000000,ADI,Q4,33129787680.0,678133000.0,51842000.0,201554000.0,5472425000.0,570512000.0,4739576000.0,199862000.0,0.18403,0.6112,0.2117,0.65,42.9474,43.6411,3.2458,0.04252574491895478
2013-12-31 00:00:00.000000,ANSS,Q4,13919334640.0,236020000.0,932000.0,75929000.0,1067596000.0,440431000.0,2136246000.0,92252000.0,0.0,0.8629,0.3567,0.82,54.9597,48.3902,6.3339,0.03554319118678279
2013-12-31 00:00:00.000000,AOS,Q4,10583064286.0,558900000.0,148500000.0,42400000.0,1205600000.0,590900000.0,1328700000.0,56900000.0,0.14443,0.4134,0.1737,0.46,38.3941,35.6279,6.9124,0.03191089034394521
2013-12-31 00:00:00.000000,APA,Q4,15792450000.0,2460000000.0,255000000.0,174000000.0,6366000000.0,4700000000.0,33396000000.0,447000000.0,0.2912,0.7318,0.1323,0.42,12.1554,12.345,2.1407,0.005210204814947898
2014-03-31 00:00:00.000000,MMM,Q1,130105625000.0,7831000000.0,9000000.0,1207000000.0,12762000000.0,7450000000.0,17448000000.0,1716000000.0,0.37695,0.4946,0.2285,1.83,27.459,28.9508,11.5381,0.06917698303530491
2014-03-31 00:00:00.000000,ABBV,Q1,147789600000.0,4563000000.0,16000000.0,980000000.0,17329000000.0,6216000000.0,4697000000.0,1351000000.0,3.06706,0.7505,0.3399,0.61,28.0606,29.2175,29.1226,0.20864381520119224
2014-03-31 00:00:00.000000,ACN,Q1,94167229797.0,7799696000.0,75000.0,751846000.0,11291459000.0,7828743000.0,4927831000.0,1091099000.0,0.00526,0.299,0.126,1.18,26.7856,23.518,10.3276,0.152571384854716
2014-03-31 00:00:00.000000,ATVI,Q1,49990200000.0,1111000000.0,0.0,293000000.0,5694000000.0,1893000000.0,6924000000.0,427000000.0,0.62392,0.6436,0.1865,0.4,184.1667,175.8889,5.3673,0.042316580011554014
2014-03-31 00:00:00.000000,AYI,Q1,5296302000.0,574700000.0,500000.0,44500000.0,979300000.0,395900000.0,1039600000.0,77400000.0,0.34013,0.4174,0.1393,1.03,15.8329,23.6984,3.2456,0.042804924971142744
2014-03-31 00:00:00.000000,ADBE,Q1,110831819640.0,1000120000.0,61000.0,47046000.0,3942391000.0,2112347000.0,6610883000.0,78746000.0,0.22837,0.8659,0.312,0.09,60.064,52.3382,13.0289,0.007116447228002674
2014-03-31 00:00:00.000000,AMD,Q1,9510480000.0,1397000000.0,8000000.0,-20000000.0,2690000000.0,1384000000.0,511000000.0,49000000.0,4.18395,0.3421,0.0383,-0.03,249.75,257.0,16.9879,-0.03913894324853229
2014-03-31 00:00:00.000000,AAP,Q1,7662260960.0,2969499000.0,7000.0,147726000.0,4641784000.0,3664247000.0,1666631000.0,255802000.0,1.24359,0.4358,0.0608,2.02,16.162,15.4798,2.2516,0.08863749684243243
2014-03-31 00:00:00.000000,AES,Q1,7644137255.0,4262000000.0,8000000.0,-58000000.0,7989000000.0,7840000000.0,4193000000.0,577000000.0,5.12402,0.234,0.1561,-0.08,-6.6023,-6.1534,3.1163,-0.013832578106367757
2014-03-31 00:00:00.000000,A,Q1,21818650000.0,1008000000.0,6000000.0,195000000.0,5073000000.0,1549000000.0,5444000000.0,124000000.0,0.49504,0.5433,0.1893,0.59,114.4915,32.0896,4.825,0.03581925055106539
2014-03-31 00:00:00.000000,APD,Q1,36396503000.0,2545500000.0,249400000.0,290200000.0,3330100000.0,3145200000.0,7264000000.0,385600000.0,0.84916,0.2949,0.1831,1.37,12.8097,10.9898,3.5874,0.03995044052863436
2014-03-31 00:00:00.000000,AKAM,Q1,12232156700.0,453502000.0,1832000.0,72800000.0,1127300000.0,244186000.0,2712145000.0,120847000.0,0.2178,0.6501,0.1263,0.41,56.5873,51.2126,3.7195,0.02684222266877324
2014-03-31 00:00:00.000000,ALK,Q1,8056767290.0,1222000000.0,69000000.0,94000000.0,1934000000.0,1755000000.0,2095000000.0,141000000.0,0.39809,0.6116,0.1588,0.69,7.8311,8.7616,2.1765,0.04486873508353222
2014-03-31 00:00:00.000000,ALB,Q1,10841843500.0,599843000.0,795000.0,56583000.0,1477402000.0,423199000.0,1604751000.0,77923000.0,0.6673,0.3613,0.1913,0.71,199.4898,261.0,2.9895,0.035259675800170864
2014-03-31 00:00:00.000000,ALXN,Q1,24142720000.0,566616000.0,20000.0,159354000.0,2245880000.0,396822000.0,2700978000.0,209503000.0,0.04884,0.8721,0.1767,0.81,54.7107,60.399,2.7269,0.05899862938535597
2014-03-31 00:00:00.000000,ALGN,Q1,19786600950.0,180646000.0,8000.0,32444000.0,552177000.0,170855000.0,696753000.0,41804000.0,0.0,0.7581,0.24,0.4,87.3039,76.8824,17.5754,0.04656456448698463
2014-03-31 00:00:00.000000,ALLE,Q1,8136000000.0,466600000.0,1000000.0,35800000.0,913900000.0,461500000.0,-60400000.0,67800000.0,-22.10099,0.4446,0.2027,0.37,29.2241,27.7213,20.259,-0.5927152317880795
2014-03-31 00:00:00.000000,AGN,Q1,52910638000.0,2655100000.0,0.0,96500000.0,4540700000.0,3002100000.0,9624700000.0,207900000.0,0.92594,0.864,-0.3715,0.56,-12.0174,-12.4018,0.7167,0.010026286533606243
2014-03-31 00:00:00.000000,ADS,Q1,11596328000.0,1232900000.0,1016000.0,137395000.0,9938025000.0,3965252000.0,949909000.0,281792000.0,7.50826,0.3019,0.2163,2.59,14.4658,17.8885,5.8255,0.14464017079530775
2014-03-31 00:00:00.000000,LNT,Q1,9541738000.0,952800000.0,1100000.0,110600000.0,936200000.0,1384200000.0,3531500000.0,154200000.0,1.00827,0.3609,0.1932,0.97,20.8744,21.4121,2.1774,0.0313181367690783
2014-03-31 00:00:00.000000,GOOGL,Q1,742809680365.0,15420000000.0,26652000000.0,3452000000.0,75314000000.0,16270000000.0,91711000000.0,4115000000.0,0.06807,0.5888,0.2359,5.13,59.8511,57.6574,4.9614,0.03763997775621245
2014-03-31 00:00:00.000000,MO,Q1,109731343629.0,5517000000.0,935000000.0,1175000000.0,6977000000.0,7584000000.0,4115000000.0,1734000000.0,3.40024,0.4673,0.3736,0.59,10.7778,13.4482,7.1361,0.28554070473876064
2014-03-31 00:00:00.000000,AMZN,Q1,733195200000.0,19741000000.0,5000000.0,108000000.0,19327000000.0,18357000000.0,10328000000.0,146000000.0,0.30471,0.3707,0.0231,0.23,248.3724,185.0427,27.1772,0.010457010069713401
2014-03-31 00:00:00.000000,AEE,Q1,13651102000.0,1594000000.0,2000000.0,98000000.0,1840000000.0,2725000000.0,6513000000.0,246000000.0,1.00937,0.4583,0.236,0.4,26.2944,27.3102,1.9127,0.015046829418086903
2014-03-31 00:00:00.000000,AAL,Q1,22883091920.0,9995000000.0,6000000.0,480000000.0,15193000000.0,15079000000.0,1095000000.0,730000000.0,15.23744,0.7372,0.0961,0.66,11.9949,13.273,5.8587,0.4383561643835616
2014-03-31 00:00:00.000000,AEP,Q1,33669631007.0,4648000000.0,3305000000.0,560000000.0,4335000000.0,6519000000.0,16416000000.0,1041000000.0,1.18293,0.5816,0.2168,1.15,17.6443,18.9126,1.8442,0.0341130604288499
2014-03-31 00:00:00.000000,AMT,Q1,58498088220.0,984089000.0,3984000.0,202499000.0,1042981000.0,1275005000.0,3671178000.0,353637000.0,3.90452,0.6914,0.2999,0.51,51.1685,53.0372,9.4492,0.055159134207058334
2014-03-31 00:00:00.000000,AWK,Q1,14893260000.0,679003000.0,1790000.0,68123000.0,687994000.0,1197699000.0,4801087000.0,187232000.0,1.22093,0.5895,0.3637,0.38,35.1555,38.2803,2.7812,0.014189078431613508
2014-03-31 00:00:00.000000,ABC,Q1,19620688010.0,29176362000.0,2678000.0,41385000.0,14393651000.0,14870635000.0,2319745000.0,159616000.0,0.60205,0.0297,0.0069,0.18,20.2867,49.5509,6.9037,0.01784032296653296
2014-03-31 00:00:00.000000,AME,Q1,17453660490.0,975292000.0,2583000.0,140586000.0,1434171000.0,931805000.0,3272632000.0,221631000.0,0.4302,0.3369,0.2128,0.57,25.7857,24.4831,4.3639,0.0429580838908866
2014-03-31 00:00:00.000000,AMGN,Q1,125410360000.0,4521000000.0,29890000000.0,1073000000.0,28302000000.0,8203000000.0,22741000000.0,1364000000.0,1.40821,0.8219,0.4365,1.42,63.777,64.1697,4.9957,0.04718350116529616
2014-03-31 00:00:00.000000,APH,Q1,26048697000.0,1246100000.0,157000.0,158500000.0,3204467000.0,1556204000.0,2875448000.0,232100000.0,0.77331,0.3295,0.2036,0.5,41.3641,41.2207,6.7595,0.055121845361140245
2014-03-31 00:00:00.000000,APC,Q1,36436520000.0,5844000000.0,52000000.0,-2669000000.0,9664000000.0,10929000000.0,19120000000.0,2975000000.0,0.70968,0.7083,-0.0564,-5.3,-78.2235,-63.1059,3.4066,-0.139592050209205
2014-03-31 00:00:00.000000,ADI,Q1,33129787680.0,628238000.0,52089000.0,152586000.0,5470959000.0,519494000.0,4795635000.0,179609000.0,0.18191,0.6112,0.2117,0.49,42.9474,43.6411,3.2458,0.03181768420657535
2014-03-31 00:00:00.000000,ANSS,Q1,13919334640.0,215271000.0,932000.0,56542000.0,1132262000.0,441747000.0,2208120000.0,79062000.0,5e-05,0.8629,0.3567,0.61,54.9597,48.3902,6.3339,0.025606398202996213
2014-03-31 00:00:00.000000,AOS,Q1,10583064286.0,552200000.0,148300000.0,46700000.0,1198200000.0,536500000.0,1343400000.0,65000000.0,0.16897,0.4134,0.1737,0.51,38.3941,35.6279,6.9124,0.03476254280184606
2014-03-31 00:00:00.000000,APA,Q1,15792450000.0,3647000000.0,255000000.0,236000000.0,5463000000.0,4356000000.0,33082000000.0,1428000000.0,0.29239,0.7318,0.1323,0.6,12.1554,12.345,2.1407,0.007133788767305483
2014-06-30 00:00:00.000000,MMM,Q2,130105625000.0,8134000000.0,9000000.0,1267000000.0,13193000000.0,7040000000.0,17354000000.0,1856000000.0,0.40181,0.4946,0.2285,1.94,27.459,28.9508,11.5381,0.07300910452921516
2014-06-30 00:00:00.000000,ABBV,Q2,147789600000.0,4926000000.0,16000000.0,1098000000.0,17794000000.0,6317000000.0,5218000000.0,1515000000.0,2.82503,0.7505,0.3399,0.69,28.0606,29.2175,29.1226,0.2104254503641242
2014-06-30 00:00:00.000000,ACN,Q2,94167229797.0,7567483000.0,76000.0,671300000.0,10633880000.0,7288358000.0,5272315000.0,951282000.0,0.00502,0.299,0.126,1.06,26.7856,23.518,10.3276,0.12732547277619036
2014-06-30 00:00:00.000000,ATVI,Q2,49990200000.0,970000000.0,0.0,204000000.0,5474000000.0,1443000000.0,7171000000.0,310000000.0,0.60257,0.6436,0.1865,0.28,184.1667,175.8889,5.3673,0.028447915214056617
2014-06-30 00:00:00.000000,AYI,Q2,5296302000.0,546200000.0,500000.0,32700000.0,990500000.0,366900000.0,1079400000.0,58400000.0,0.32759,0.4174,0.1393,0.76,15.8329,23.6984,3.2456,0.03029460811561979
2014-06-30 00:00:00.000000,ADBE,Q2,110831819640.0,1068208000.0,61000.0,88527000.0,4114343000.0,2217972000.0,6636888000.0,135258000.0,0.22696,0.8659,0.312,0.18,60.064,52.3382,13.0289,0.013338630996937119
2014-06-30 00:00:00.000000,AMD,Q2,9510480000.0,1441000000.0,8000000.0,-36000000.0,2932000000.0,1505000000.0,501000000.0,63000000.0,4.41118,0.3421,0.0383,-0.05,249.75,257.0,16.9879,-0.0718562874251497
2014-06-30 00:00:00.000000,AAP,Q2,7662260960.0,2347697000.0,7000.0,139488000.0,4714776000.0,3774173000.0,1814525000.0,240673000.0,1.02974,0.4358,0.0608,1.91,16.162,15.4798,2.2516,0.0768730108430581
2014-06-30 00:00:00.000000,AES,Q2,7644137255.0,4311000000.0,8000000.0,133000000.0,7407000000.0,6667000000.0,4211000000.0,704000000.0,5.15863,0.234,0.1561,0.18,-6.6023,-6.1534,3.1163,0.03158394680598433
2014-06-30 00:00:00.000000,A,Q2,21818650000.0,988000000.0,6000000.0,139000000.0,5377000000.0,1719000000.0,5626000000.0,94000000.0,0.47867,0.5433,0.1893,0.42,114.4915,32.0896,4.825,0.02470671880554568
2014-06-30 00:00:00.000000,APD,Q2,36396503000.0,2581900000.0,249400000.0,283500000.0,3299900000.0,3110300000.0,7370900000.0,384700000.0,0.83668,0.2949,0.1831,1.33,12.8097,10.9898,3.5874,0.03846206026401118
2014-06-30 00:00:00.000000,AKAM,Q2,12232156700.0,476035000.0,1844000.0,72886000.0,1199667000.0,283292000.0,2772744000.0,112351000.0,0.21473,0.6501,0.1263,0.41,56.5873,51.2126,3.7195,0.026286595516931962
2014-06-30 00:00:00.000000,ALK,Q2,8056767290.0,1375000000.0,1000000.0,165000000.0,2020000000.0,1864000000.0,2200000000.0,263000000.0,0.39045,0.6116,0.1588,1.2,7.8311,8.7616,2.1765,0.075
2014-06-30 00:00:00.000000,ALB,Q2,10841843500.0,604721000.0,782000.0,22447000.0,1525883000.0,815914000.0,1502981000.0,110240000.0,0.7075,0.3613,0.1913,0.29,199.4898,261.0,2.9895,0.014934985871411548
2014-06-30 00:00:00.000000,ALXN,Q2,24142720000.0,512495000.0,20000.0,166495000.0,2341306000.0,417701000.0,2881582000.0,218849000.0,0.04894,0.8721,0.1767,0.84,54.7107,60.399,2.7269,0.057779025549160146
2014-06-30 00:00:00.000000,ALGN,Q2,19786600950.0,192531000.0,8000.0,35600000.0,554512000.0,187113000.0,675796000.0,48732000.0,0.0,0.7581,0.24,0.44,87.3039,76.8824,17.5754,0.05267861899152999
2014-06-30 00:00:00.000000,ALLE,Q2,8136000000.0,531500000.0,1000000.0,43200000.0,887600000.0,437400000.0,-42200000.0,89300000.0,-30.51185,0.4446,0.2027,0.45,29.2241,27.7213,20.259,-1.0236966824644549
2014-06-30 00:00:00.000000,AGN,Q2,52910638000.0,2667200000.0,0.0,48700000.0,8272900000.0,4183400000.0,9679700000.0,206100000.0,1.29453,0.864,-0.3715,0.28,-12.0174,-12.4018,0.7167,0.005031147659534903
2014-06-30 00:00:00.000000,ADS,Q2,11596328000.0,1265158000.0,1016000.0,137444000.0,10344932000.0,4398934000.0,947321000.0,282540000.0,7.67779,0.3019,0.2163,2.54,14.4658,17.8885,5.8255,0.1450870401901784
2014-06-30 00:00:00.000000,LNT,Q2,9541738000.0,750300000.0,1100000.0,64300000.0,1010100000.0,1733200000.0,3537400000.0,103300000.0,1.03093,0.3609,0.1932,0.56,20.8744,21.4121,2.1774,0.01817719228812122
2014-06-30 00:00:00.000000,GOOGL,Q2,742809680365.0,15955000000.0,27111000000.0,3351000000.0,77905000000.0,17097000000.0,95749000000.0,4258000000.0,0.05474,0.5888,0.2359,4.96,59.8511,57.6574,4.9614,0.03499775454573938
2014-06-30 00:00:00.000000,MO,Q2,109731343629.0,6256000000.0,935000000.0,1262000000.0,4475000000.0,5046000000.0,4395000000.0,1975000000.0,3.18385,0.4673,0.3736,0.64,10.7778,13.4482,7.1361,0.2871444823663254
2014-06-30 00:00:00.000000,AMZN,Q2,733195200000.0,19340000000.0,5000000.0,-126000000.0,18755000000.0,18751000000.0,10602000000.0,-15000000.0,0.29419,0.3707,0.0231,-0.27,248.3724,185.0427,27.1772,-0.011884550084889643
2014-06-30 00:00:00.000000,AEE,Q2,13651102000.0,1419000000.0,2000000.0,150000000.0,1965000000.0,2312000000.0,6572000000.0,322000000.0,1.02511,0.4583,0.236,0.61,26.2944,27.3102,1.9127,0.02282410225197809
2014-06-30 00:00:00.000000,AAL,Q2,22883091920.0,11355000000.0,7000000.0,864000000.0,14966000000.0,15088000000.0,4086000000.0,1399000000.0,4.09398,0.7372,0.0961,1.2,11.9949,13.273,5.8587,0.21145374449339208
2014-06-30 00:00:00.000000,AEP,Q2,33669631007.0,4044000000.0,3308000000.0,390000000.0,4323000000.0,7600000000.0,16581000000.0,767000000.0,1.1825,0.5816,0.2168,0.8,17.6443,18.9126,1.8442,0.023520897412701285
2014-06-30 00:00:00.000000,AMT,Q2,58498088220.0,1031457000.0,3988000.0,234431000.0,998445000.0,2243246000.0,4406494000.0,402499000.0,3.17156,0.6914,0.2999,0.58,51.1685,53.0372,9.4492,0.05320125251503803
2014-06-30 00:00:00.000000,AWK,Q2,14893260000.0,754778000.0,1791000.0,109299000.0,707635000.0,1234911000.0,4873126000.0,254442000.0,1.21791,0.5895,0.3637,0.62,35.1555,38.2803,2.7812,0.022428929602887344
2014-06-30 00:00:00.000000,ABC,Q2,19620688010.0,28455903000.0,2695000.0,180077000.0,15760027000.0,16499931000.0,2145515000.0,301128000.0,0.6511,0.0297,0.0069,0.78,20.2867,49.5509,6.9037,0.08393182988699682
2014-06-30 00:00:00.000000,AME,Q2,17453660490.0,990718000.0,2586000.0,150063000.0,1530670000.0,1121825000.0,3421918000.0,231728000.0,0.46835,0.3369,0.2128,0.61,25.7857,24.4831,4.3639,0.04385347632526554
2014-06-30 00:00:00.000000,AMGN,Q2,125410360000.0,5180000000.0,29981000000.0,1547000000.0,34328000000.0,7866000000.0,24382000000.0,1902000000.0,1.36691,0.8219,0.4365,2.04,63.777,64.1697,4.9957,0.06344844557460422
2014-06-30 00:00:00.000000,APH,Q2,26048697000.0,1314200000.0,157000.0,174900000.0,3462385000.0,1711793000.0,2977321000.0,255800000.0,0.78714,0.3295,0.2036,0.56,41.3641,41.2207,6.7595,0.058744085706579845
2014-06-30 00:00:00.000000,APC,Q2,36436520000.0,4439000000.0,52000000.0,227000000.0,8980000000.0,10760000000.0,19331000000.0,1209000000.0,0.69391,0.7083,-0.0564,0.45,-78.2235,-63.1059,3.4066,0.011742796544410532
2014-06-30 00:00:00.000000,ADI,Q2,33129787680.0,694536000.0,52359000.0,187433000.0,5638032000.0,571202000.0,4931523000.0,220400000.0,0.17693,0.6112,0.2117,0.6,42.9474,43.6411,3.2458,0.03800712274889522
2014-06-30 00:00:00.000000,ANSS,Q2,13919334640.0,232375000.0,932000.0,63036000.0,1064657000.0,447037000.0,2219816000.0,83532000.0,1e-05,0.8629,0.3567,0.68,54.9597,48.3902,6.3339,0.028396948215527774
2014-06-30 00:00:00.000000,AOS,Q2,10583064286.0,595400000.0,148300000.0,57300000.0,1233900000.0,550000000.0,1356700000.0,78800000.0,0.18457,0.4134,0.1737,0.63,38.3941,35.6279,6.9124,0.04223483452495025
2014-06-30 00:00:00.000000,APA,Q2,15792450000.0,3471000000.0,256000000.0,505000000.0,5126000000.0,4570000000.0,32755000000.0,1145000000.0,0.29537,0.7318,0.1323,1.31,12.1554,12.345,2.1407,0.01541749351244085
2014-09-30 00:00:00.000000,MMM,Q3,130105625000.0,8137000000.0,9000000.0,1303000000.0,12681000000.0,7705000000.0,16173000000.0,1901000000.0,0.45409,0.4946,0.2285,2.02,27.459,28.9508,11.5381,0.08056637605886353
2014-09-30 00:00:00.000000,ABBV,Q3,147789600000.0,5019000000.0,16000000.0,506000000.0,17555000000.0,6635000000.0,4645000000.0,960000000.0,3.1845,0.7505,0.3399,0.32,28.0606,29.2175,29.1226,0.10893433799784714
2014-09-30 00:00:00.000000,ACN,Q3,94167229797.0,8240180000.0,76000.0,817336000.0,11134693000.0,7616168000.0,5603631000.0,1178766000.0,0.00476,0.299,0.126,1.29,26.7856,23.518,10.3276,0.1458582836735681
2014-09-30 00:00:00.000000,ATVI,Q3,49990200000.0,753000000.0,0.0,-23000000.0,5957000000.0,2112000000.0,6992000000.0,8000000.0,0.61814,0.6436,0.1865,-0.03,184.1667,175.8889,5.3673,-0.003289473684210526
2014-09-30 00:00:00.000000,AYI,Q3,5296302000.0,603900000.0,500000.0,43800000.0,1070000000.0,408700000.0,1124800000.0,72600000.0,0.31437,0.4174,0.1393,1.01,15.8329,23.6984,3.2456,0.038940256045519206
2014-09-30 00:00:00.000000,ADBE,Q3,110831819640.0,1005409000.0,61000.0,44686000.0,4279468000.0,2245248000.0,6731260000.0,74176000.0,0.22407,0.8659,0.312,0.09,60.064,52.3382,13.0289,0.006638578809910775
2014-09-30 00:00:00.000000,AMD,Q3,9510480000.0,1429000000.0,8000000.0,17000000.0,3020000000.0,1566000000.0,535000000.0,63000000.0,4.1271,0.3421,0.0383,0.02,249.75,257.0,16.9879,0.03177570093457944
2014-09-30 00:00:00.000000,AAP,Q3,7662260960.0,2289456000.0,7000.0,122177000.0,4763273000.0,3784042000.0,1925499000.0,209158000.0,0.90144,0.4358,0.0608,1.67,16.162,15.4798,2.2516,0.06345212331972128
2014-09-30 00:00:00.000000,AES,Q3,7644137255.0,4441000000.0,8000000.0,488000000.0,7887000000.0,7073000000.0,4397000000.0,707000000.0,4.79099,0.234,0.1561,0.68,-6.6023,-6.1534,3.1163,0.1109847623379577
2014-09-30 00:00:00.000000,A,Q3,21818650000.0,1009000000.0,6000000.0,147000000.0,4834000000.0,1579000000.0,5637000000.0,131000000.0,0.39312,0.5433,0.1893,0.44,114.4915,32.0896,4.825,0.026077700904736562
2014-09-30 00:00:00.000000,APD,Q3,36396503000.0,2634600000.0,249400000.0,314000000.0,3339800000.0,3156100000.0,7696700000.0,413800000.0,0.79722,0.2949,0.1831,1.47,12.8097,10.9898,3.5874,0.04079670508139852
2014-09-30 00:00:00.000000,AKAM,Q3,12232156700.0,498042000.0,1851000.0,91155000.0,1152676000.0,301601000.0,2848380000.0,120239000.0,0.21068,0.6501,0.1263,0.51,56.5873,51.2126,3.7195,0.032002401364986416
2014-09-30 00:00:00.000000,ALK,Q3,8056767290.0,1465000000.0,1000000.0,198000000.0,1799000000.0,1767000000.0,2229000000.0,316000000.0,0.37012,0.6116,0.1588,1.47,7.8311,8.7616,2.1765,0.08882907133243607
2014-09-30 00:00:00.000000,ALB,Q3,10841843500.0,642418000.0,782000.0,72794000.0,1508307000.0,812710000.0,1456741000.0,106473000.0,0.72242,0.3613,0.1913,0.93,199.4898,261.0,2.9895,0.049970447732301075
2014-09-30 00:00:00.000000,ALXN,Q3,24142720000.0,555146000.0,20000.0,177731000.0,2559878000.0,502537000.0,3123039000.0,236659000.0,0.05012,0.8721,0.1767,0.9,54.7107,60.399,2.7269,0.056909631932230115
2014-09-30 00:00:00.000000,ALGN,Q3,19786600950.0,189876000.0,8000.0,38247000.0,615672000.0,198560000.0,722456000.0,51547000.0,0.0,0.7581,0.24,0.47,87.3039,76.8824,17.5754,0.052940248264254156
2014-09-30 00:00:00.000000,ALLE,Q3,8136000000.0,546700000.0,1000000.0,60800000.0,934000000.0,464200000.0,-30700000.0,106100000.0,-41.67752,0.4446,0.2027,0.63,29.2241,27.7213,20.259,-1.980456026058632
2014-09-30 00:00:00.000000,AGN,Q3,52910638000.0,2150800000.0,0.0,-1042800000.0,6252300000.0,4481300000.0,29140400000.0,-1282000000.0,0.56309,0.864,-0.3715,-3.95,-12.0174,-12.4018,0.7167,-0.03578537013905094
2014-09-30 00:00:00.000000,ADS,Q3,11596328000.0,1319133000.0,1070000.0,164242000.0,11401425000.0,5370177000.0,1080671000.0,321641000.0,6.85588,0.3019,0.2163,2.84,14.4658,17.8885,5.8255,0.15198150038263264
2014-09-30 00:00:00.000000,LNT,Q3,9541738000.0,843100000.0,1100000.0,155900000.0,962300000.0,1741900000.0,3635600000.0,194800000.0,1.00289,0.3609,0.1932,1.38,20.8744,21.4121,2.1774,0.04288150511607437
2014-09-30 00:00:00.000000,GOOGL,Q3,742809680365.0,16523000000.0,27948000000.0,2739000000.0,80115000000.0,17920000000.0,98815000000.0,3724000000.0,0.05302,0.5888,0.2359,4.05,59.8511,57.6574,4.9614,0.02771846379598239
2014-09-30 00:00:00.000000,MO,Q3,109731343629.0,6491000000.0,935000000.0,1397000000.0,5662000000.0,7367000000.0,4294000000.0,1999000000.0,3.25873,0.4673,0.3736,0.71,10.7778,13.4482,7.1361,0.3253376804843968
2014-09-30 00:00:00.000000,AMZN,Q3,733195200000.0,20579000000.0,5000000.0,-437000000.0,18572000000.0,20842000000.0,10336000000.0,-544000000.0,0.29983,0.3707,0.0231,-0.95,248.3724,185.0427,27.1772,-0.042279411764705885
2014-09-30 00:00:00.000000,AEE,Q3,13651102000.0,1670000000.0,2000000.0,295000000.0,1942000000.0,2119000000.0,6774000000.0,561000000.0,0.98863,0.4583,0.236,1.21,26.2944,27.3102,1.9127,0.043548863300856215
2014-09-30 00:00:00.000000,AAL,Q3,22883091920.0,11139000000.0,7000000.0,942000000.0,13450000000.0,13888000000.0,4971000000.0,1260000000.0,3.43794,0.7372,0.0961,1.31,11.9949,13.273,5.8587,0.18949909474954738
2014-09-30 00:00:00.000000,AEP,Q3,33669631007.0,4161000000.0,3312000000.0,493000000.0,4111000000.0,7457000000.0,16868000000.0,905000000.0,1.14655,0.5816,0.2168,1.01,17.6443,18.9126,1.8442,0.029226938581930283
2014-09-30 00:00:00.000000,AMT,Q3,58498088220.0,1038188000.0,3992000.0,207593000.0,996937000.0,1937918000.0,4194627000.0,384807000.0,3.32194,0.6914,0.2999,0.5,51.1685,53.0372,9.4492,0.049490216889368235
2014-09-30 00:00:00.000000,AWK,Q3,14893260000.0,846169000.0,1793000.0,152185000.0,756961000.0,1058935000.0,4919652000.0,337225000.0,1.20135,0.5895,0.3637,0.85,35.1555,38.2803,2.7812,0.030934098590713326
2014-09-30 00:00:00.000000,ABC,Q3,19620688010.0,30348154000.0,2707000.0,-12780000.0,15891386000.0,16339359000.0,1986355000.0,110877000.0,1.00459,0.0297,0.0069,-0.06,20.2867,49.5509,6.9037,-0.006433895250345482
2014-09-30 00:00:00.000000,AME,Q3,17453660490.0,1031811000.0,2587000.0,141811000.0,1590130000.0,831709000.0,3467807000.0,218143000.0,0.47197,0.3369,0.2128,0.58,25.7857,24.4831,4.3639,0.04089356760627105
2014-09-30 00:00:00.000000,AMGN,Q3,125410360000.0,5031000000.0,30127000000.0,1244000000.0,36048000000.0,8551000000.0,25325000000.0,1466000000.0,1.30227,0.8219,0.4365,1.63,63.777,64.1697,4.9957,0.04912142152023692
2014-09-30 00:00:00.000000,APH,Q3,26048697000.0,1358700000.0,312000.0,182200000.0,3372572000.0,1555397000.0,2976160000.0,267800000.0,0.88167,0.3295,0.2036,0.58,41.3641,41.2207,6.7595,0.06121982689102736
2014-09-30 00:00:00.000000,APC,Q3,36436520000.0,5010000000.0,52000000.0,1087000000.0,11739000000.0,10983000000.0,20677000000.0,1698000000.0,0.71229,0.7083,-0.0564,2.13,-78.2235,-63.1059,3.4066,0.05257048894907385
2014-09-30 00:00:00.000000,ADI,Q3,33129787680.0,727752000.0,52370000.0,180606000.0,5923884000.0,2622526000.0,5007197000.0,202546000.0,0.57279,0.6112,0.2117,0.57,42.9474,43.6411,3.2458,0.036069281875668165
2014-09-30 00:00:00.000000,ANSS,Q3,13919334640.0,234000000.0,932000.0,65479000.0,1075020000.0,407280000.0,2255800000.0,90808000.0,0.0,0.8629,0.3567,0.71,54.9597,48.3902,6.3339,0.029026952744037594
2014-09-30 00:00:00.000000,AOS,Q3,10583064286.0,581600000.0,148300000.0,50600000.0,1294800000.0,587300000.0,1375200000.0,69800000.0,0.18506,0.4134,0.1737,0.56,38.3941,35.6279,6.9124,0.036794648051192556
2014-09-30 00:00:00.000000,APA,Q3,15792450000.0,3181000000.0,256000000.0,-1330000000.0,4426000000.0,4307000000.0,30818000000.0,-517000000.0,0.3544,0.7318,0.1323,-3.5,12.1554,12.345,2.1407,-0.04315659679408138
2014-12-31 00:00:00.000000,MMM,Q4,130105625000.0,7719000000.0,9000000.0,1179000000.0,12303000000.0,5964000000.0,13109000000.0,1662000000.0,0.51957,0.4946,0.2285,1.85,27.459,28.9508,11.5381,0.08993821038980852
2014-12-31 00:00:00.000000,ABBV,Q4,147789600000.0,5452000000.0,16000000.0,-810000000.0,16081000000.0,11393000000.0,1742000000.0,-415000000.0,8.59759,0.7505,0.3399,-0.5,28.0606,29.2175,29.1226,-0.46498277841561425
2014-12-31 00:00:00.000000,ACN,Q4,94167229797.0,8267319000.0,76000.0,701016000.0,11904442000.0,8158079000.0,5732035000.0,1079365000.0,0.00466,0.299,0.126,1.11,26.7856,23.518,10.3276,0.12229792735040872
2014-12-31 00:00:00.000000,ATVI,Q4,49990200000.0,1575000000.0,0.0,361000000.0,6541000000.0,2714000000.0,7233000000.0,438000000.0,0.59782,0.6436,0.1865,0.49,184.1667,175.8889,5.3673,0.04991013410756256
2014-12-31 00:00:00.000000,AYI,Q4,5296302000.0,668700000.0,500000.0,54800000.0,1186400000.0,470500000.0,1163500000.0,90700000.0,0.30245,0.4174,0.1393,1.26,15.8329,23.6984,3.2456,0.04709926944563816
2014-12-31 00:00:00.000000,ADBE,Q4,110831819640.0,1073328000.0,61000.0,88136000.0,4602328000.0,2494435000.0,6775905000.0,124505000.0,0.22349,0.8659,0.312,0.18,60.064,52.3382,13.0289,0.013007266188059013
2014-12-31 00:00:00.000000,AMD,Q4,9510480000.0,1239000000.0,8000000.0,-364000000.0,2736000000.0,1440000000.0,187000000.0,-330000000.0,11.82888,0.3421,0.0383,-0.48,249.75,257.0,16.9879,-1.946524064171123
2014-12-31 00:00:00.000000,AAP,Q4,7662260960.0,2237209000.0,7000.0,84434000.0,4741040000.0,3654416000.0,2002912000.0,146077000.0,0.81726,0.4358,0.0608,1.15,16.162,15.4798,2.2516,0.04215562141521944
2014-12-31 00:00:00.000000,AES,Q4,7644137255.0,3110000000.0,8000000.0,206000000.0,7826000000.0,6997000000.0,4272000000.0,550000000.0,4.88249,0.234,0.1561,0.29,-6.6023,-6.1534,3.1163,0.048220973782771535
2014-12-31 00:00:00.000000,A,Q4,21818650000.0,1043000000.0,6000000.0,68000000.0,5509000000.0,1692000000.0,5301000000.0,70000000.0,0.31371,0.5433,0.1893,0.21,114.4915,32.0896,4.825,0.01282776834559517
2014-12-31 00:00:00.000000,APD,Q4,36396503000.0,2677000000.0,249400000.0,104000000.0,3294800000.0,2963000000.0,7365800000.0,155000000.0,0.83066,0.2949,0.1831,0.48,12.8097,10.9898,3.5874,0.014119308153900459
2014-12-31 00:00:00.000000,AKAM,Q4,12232156700.0,536295000.0,1783000.0,97107000.0,1262555000.0,334011000.0,2945335000.0,136082000.0,0.20536,0.6501,0.1263,0.54,56.5873,51.2126,3.7195,0.03296976405060884
2014-12-31 00:00:00.000000,ALK,Q4,8056767290.0,1306000000.0,1000000.0,148000000.0,1639000000.0,1671000000.0,2127000000.0,242000000.0,0.37753,0.6116,0.1588,1.12,7.8311,8.7616,2.1765,0.06958157028678891
2014-12-31 00:00:00.000000,ALB,Q4,10841843500.0,598566000.0,780000.0,-18508000.0,3348850000.0,1139886000.0,1359465000.0,-23338000.0,2.1583,0.3613,0.1913,-0.23,199.4898,261.0,2.9895,-0.013614179107222327
2014-12-31 00:00:00.000000,ALXN,Q4,24142720000.0,600000000.0,20000.0,153000000.0,2796029000.0,606740000.0,3302018000.0,204000000.0,0.04985,0.8721,0.1767,0.78,54.7107,60.399,2.7269,0.04633530162464287
2014-12-31 00:00:00.000000,ALGN,Q4,19786600950.0,198600000.0,8000.0,39541000.0,657160000.0,201811000.0,752771000.0,51493000.0,0.0,0.7581,0.24,0.5,87.3039,76.8824,17.5754,0.05252726260708768
2014-12-31 00:00:00.000000,ALLE,Q4,8136000000.0,573500000.0,1000000.0,35400000.0,1001700000.0,532500000.0,-4800000.0,63100000.0,-263.45833,0.4446,0.2027,0.37,29.2241,27.7213,20.259,-7.375
2014-12-31 00:00:00.000000,AGN,Q4,52910638000.0,353200000.0,0.0,-732900000.0,7110600000.0,5247500000.0,28331100000.0,-1103900000.0,0.57607,0.864,-0.3715,-3.03,-12.0174,-12.4018,0.7167,-0.02586909791712994
2014-12-31 00:00:00.000000,ADS,Q4,11596328000.0,1485700000.0,1117000.0,67200000.0,13814776000.0,6305483000.0,2396380000.0,212400000.0,3.92301,0.3019,0.2163,0.74,14.4658,17.8885,5.8255,0.028042297131506688
2014-12-31 00:00:00.000000,LNT,Q4,9541738000.0,804100000.0,1100000.0,62500000.0,1043100000.0,1214700000.0,3638700000.0,91300000.0,1.07417,0.3609,0.1932,-1.19,20.8744,21.4121,2.1774,0.01717646412180174
2014-12-31 00:00:00.000000,GOOGL,Q4,742809680365.0,18103000000.0,28767000000.0,4675000000.0,78656000000.0,16779000000.0,103860000000.0,4399000000.0,0.05042,0.5888,0.2359,6.89,59.8511,57.6574,4.9614,0.045012516849605236
2014-12-31 00:00:00.000000,MO,Q4,109731343629.0,6258000000.0,935000000.0,1236000000.0,6878000000.0,7673000000.0,3014000000.0,1912000000.0,4.87492,0.4673,0.3736,0.63,10.7778,13.4482,7.1361,0.41008626410086263
2014-12-31 00:00:00.000000,AMZN,Q4,733195200000.0,29329000000.0,5000000.0,214000000.0,31327000000.0,28089000000.0,10741000000.0,590000000.0,0.76948,0.3707,0.0231,0.47,248.3724,185.0427,27.1772,0.019923657015175497
2014-12-31 00:00:00.000000,AEE,Q4,13651102000.0,1370000000.0,2000000.0,49000000.0,1694000000.0,2249000000.0,6713000000.0,125000000.0,1.03069,0.4583,0.236,0.2,26.2944,27.3102,1.9127,0.0072992700729927005
2014-12-31 00:00:00.000000,AAL,Q4,22883091920.0,10160000000.0,7000000.0,597000000.0,11750000000.0,13404000000.0,2021000000.0,860000000.0,8.76794,0.7372,0.0961,0.85,11.9949,13.273,5.8587,0.2953983176645225
2014-12-31 00:00:00.000000,AEP,Q4,33669631007.0,3820000000.0,3313300000.0,191000000.0,4478100000.0,7966600000.0,16820200000.0,430000000.0,1.18063,0.5816,0.2168,0.39,17.6443,18.9126,1.8442,0.011355394109463622
2014-12-31 00:00:00.000000,AMT,Q4,58498088220.0,1046314000.0,3995000.0,180387000.0,957867000.0,1929536000.0,3953560000.0,345979000.0,3.67778,0.6914,0.2999,0.42,51.1685,53.0372,9.4492,0.045626473355659204
2014-12-31 00:00:00.000000,AWK,Q4,14893260000.0,731000000.0,2000000.0,93000000.0,575000000.0,1241000000.0,4915000000.0,222000000.0,1.20814,0.5895,0.3637,0.52,35.1555,38.2803,2.7812,0.018921668362156665
2014-12-31 00:00:00.000000,ABC,Q4,19620688010.0,31588708000.0,2711000.0,65548000.0,16800205000.0,17250160000.0,1956899000.0,210470000.0,1.01979,0.0297,0.0069,0.3,20.2867,49.5509,6.9037,0.03349585236642259
2014-12-31 00:00:00.000000,AME,Q4,17453660490.0,1024143000.0,2589000.0,152000000.0,1578604000.0,936144000.0,3239561000.0,227084000.0,0.52909,0.3369,0.2128,0.63,25.7857,24.4831,4.3639,0.046919937608830335
2014-12-31 00:00:00.000000,AMGN,Q4,125410360000.0,5331000000.0,30410000000.0,1294000000.0,34713000000.0,7008000000.0,25778000000.0,1459000000.0,1.19152,0.8219,0.4365,1.7,63.777,64.1697,4.9957,0.05019784312204205
2014-12-31 00:00:00.000000,APH,Q4,26048697000.0,1426500000.0,300000.0,193500000.0,3452200000.0,1045600000.0,2907400000.0,278800000.0,0.9136,0.3295,0.2036,0.62,41.3641,41.2207,6.7595,0.06655430969250876
2014-12-31 00:00:00.000000,APC,Q4,36436520000.0,3177000000.0,52000000.0,-395000000.0,10499000000.0,10234000000.0,19725000000.0,-479000000.0,0.76512,0.7083,-0.0564,-0.78,-78.2235,-63.1059,3.4066,-0.02002534854245881
2014-12-31 00:00:00.000000,ADI,Q4,33129787680.0,814247000.0,51869000.0,108695000.0,3811886000.0,709056000.0,4757897000.0,149929000.0,0.18344,0.6112,0.2117,0.35,42.9474,43.6411,3.2458,0.022845177186475454
2014-12-31 00:00:00.000000,ANSS,Q4,13919334640.0,254375000.0,932000.0,69633000.0,1082315000.0,465075000.0,2217501000.0,94048000.0,0.0,0.8629,0.3567,0.76,54.9597,48.3902,6.3339,0.03140156419320668
2014-12-31 00:00:00.000000,AOS,Q4,10583064286.0,626800000.0,148200000.0,53200000.0,1319000000.0,605200000.0,1381300000.0,73600000.0,0.16202,0.4134,0.1737,-0.56,38.3941,35.6279,6.9124,0.03851444291609354
2014-12-31 00:00:00.000000,APA,Q4,15792450000.0,2752000000.0,256000000.0,-7771000000.0,6415000000.0,3664000000.0,25937000000.0,-7050000000.0,0.43355,0.7318,0.1323,-20.24,12.1554,12.345,2.1407,-0.29961059490303427
2015-03-31 00:00:00.000000,MMM,Q1,130105625000.0,7578000000.0,9000000.0,1199000000.0,12518000000.0,5082000000.0,13917000000.0,1730000000.0,0.47359,0.4946,0.2285,1.88,27.459,28.9508,11.5381,0.08615362506287275
2015-03-31 00:00:00.000000,ABBV,Q1,147789600000.0,5040000000.0,16000000.0,1022000000.0,15408000000.0,11050000000.0,1377000000.0,1687000000.0,11.0915,0.7505,0.3399,0.64,28.0606,29.2175,29.1226,0.7421931735657226
2015-03-31 00:00:00.000000,ACN,Q1,94167229797.0,8343257000.0,76000.0,831530000.0,11576245000.0,8137403000.0,5481501000.0,1187709000.0,0.00489,0.299,0.126,1.32,26.7856,23.518,10.3276,0.15169750037444124
2015-03-31 00:00:00.000000,ATVI,Q1,49990200000.0,1278000000.0,0.0,394000000.0,5863000000.0,1899000000.0,7238000000.0,542000000.0,0.563,0.6436,0.1865,0.54,184.1667,175.8889,5.3673,0.054434926775352305
2015-03-31 00:00:00.000000,AYI,Q1,5296302000.0,647400000.0,500000.0,51100000.0,1225500000.0,453600000.0,1210700000.0,86700000.0,0.29206,0.4174,0.1393,1.18,15.8329,23.6984,3.2456,0.042206987693070123
2015-03-31 00:00:00.000000,ADBE,Q1,110831819640.0,1109181000.0,61000.0,84888000.0,3972159000.0,1788160000.0,6589020000.0,173025000.0,0.2886,0.8659,0.312,0.17,60.064,52.3382,13.0289,0.012883251227041351
2015-03-31 00:00:00.000000,AMD,Q1,9510480000.0,1030000000.0,8000000.0,-180000000.0,2497000000.0,1292000000.0,17000000.0,-137000000.0,133.41176,0.3421,0.0383,-0.23,249.75,257.0,16.9879,-10.588235294117647
2015-03-31 00:00:00.000000,AAP,Q1,7662260960.0,3038233000.0,7000.0,148112000.0,4936865000.0,3824478000.0,2146588000.0,262528000.0,0.75016,0.4358,0.0608,2.02,16.162,15.4798,2.2516,0.06899880181944555
2015-03-31 00:00:00.000000,AES,Q1,7644137255.0,3984000000.0,8000000.0,142000000.0,7642000000.0,6582000000.0,4022000000.0,658000000.0,5.07235,0.234,0.1561,0.2,-6.6023,-6.1534,3.1163,0.035305818000994534
2015-03-31 00:00:00.000000,A,Q1,21818650000.0,1026000000.0,6000000.0,63000000.0,3654000000.0,928000000.0,4237000000.0,115000000.0,0.39131,0.5433,0.1893,0.19,114.4915,32.0896,4.825,0.014869011092754307
2015-03-31 00:00:00.000000,APD,Q1,36396503000.0,2560800000.0,249400000.0,324600000.0,3137200000.0,3001900000.0,7351500000.0,430000000.0,0.82827,0.2949,0.1831,1.52,12.8097,10.9898,3.5874,0.04415425423382983
2015-03-31 00:00:00.000000,AKAM,Q1,12232156700.0,526536000.0,1796000.0,77746000.0,1241579000.0,269331000.0,2981682000.0,121521000.0,0.20446,0.6501,0.1263,0.44,56.5873,51.2126,3.7195,0.02607454450206293
2015-03-31 00:00:00.000000,ALK,Q1,8056767290.0,1269000000.0,1000000.0,149000000.0,1776000000.0,1880000000.0,2166000000.0,238000000.0,0.35457,0.6116,0.1588,1.13,7.8311,8.7616,2.1765,0.06879039704524469
2015-03-31 00:00:00.000000,ALB,Q1,10841843500.0,884404000.0,1122000.0,43115000.0,1686543000.0,1456344000.0,3109383000.0,36686000.0,1.29065,0.3613,0.1913,0.4,199.4898,261.0,2.9895,0.013866094977685284
2015-03-31 00:00:00.000000,ALXN,Q1,24142720000.0,600333000.0,20000.0,91323000.0,2852987000.0,580439000.0,3516902000.0,103707000.0,0.04561,0.8721,0.1767,0.46,54.7107,60.399,2.7269,0.02596688790304649
2015-03-31 00:00:00.000000,ALGN,Q1,19786600950.0,198086000.0,8000.0,36177000.0,657312000.0,200575000.0,793534000.0,48924000.0,0.0,0.7581,0.24,0.45,87.3039,76.8824,17.5754,0.04558972898451736
2015-03-31 00:00:00.000000,ALLE,Q1,8136000000.0,458700000.0,1000000.0,45400000.0,903700000.0,482100000.0,-19800000.0,71000000.0,-63.23737,0.4446,0.2027,0.47,29.2241,27.7213,20.259,-2.292929292929293
2015-03-31 00:00:00.000000,AGN,Q1,52910638000.0,2562600000.0,0.0,-512000000.0,11017200000.0,7655500000.0,71404800000.0,-677700000.0,0.63453,0.864,-0.3715,-1.85,-12.0174,-12.4018,0.7167,-0.007170386304562158
2015-03-31 00:00:00.000000,ADS,Q1,11596328000.0,1601200000.0,1120000.0,162600000.0,12777584000.0,6141031000.0,1911428000.0,324500000.0,5.05509,0.3019,0.2163,2.34,14.4658,17.8885,5.8255,0.08506729000516891
2015-03-31 00:00:00.000000,LNT,Q1,9541738000.0,897400000.0,1100000.0,99200000.0,913200000.0,1023100000.0,3797100000.0,152900000.0,1.00898,0.3609,0.1932,0.87,20.8744,21.4121,2.1774,0.026125200811145347
2015-03-31 00:00:00.000000,GOOGL,Q1,742809680365.0,17258000000.0,29527000000.0,3515000000.0,80313000000.0,14336000000.0,108448000000.0,4447000000.0,0.04827,0.5888,0.2359,5.16,59.8511,57.6574,4.9614,0.032411847152552374
2015-03-31 00:00:00.000000,MO,Q1,109731343629.0,5804000000.0,935000000.0,1018000000.0,7233000000.0,8895000000.0,2533000000.0,1865000000.0,5.48796,0.4673,0.3736,0.52,10.7778,13.4482,7.1361,0.40189498618239244
2015-03-31 00:00:00.000000,AMZN,Q1,733195200000.0,22717000000.0,5000000.0,-57000000.0,25922000000.0,23177000000.0,10873000000.0,255000000.0,0.7594,0.3707,0.0231,-0.12,248.3724,185.0427,27.1772,-0.005242343419479444
2015-03-31 00:00:00.000000,AEE,Q1,13651102000.0,1556000000.0,2000000.0,110000000.0,1993000000.0,2520000000.0,6704000000.0,256000000.0,1.07324,0.4583,0.236,0.5,26.2944,27.3102,1.9127,0.016408114558472554
2015-03-31 00:00:00.000000,AAL,Q1,22883091920.0,9827000000.0,7000000.0,932000000.0,14129000000.0,14233000000.0,2764000000.0,1216000000.0,6.84588,0.7372,0.0961,1.34,11.9949,13.273,5.8587,0.33719247467438496
2015-03-31 00:00:00.000000,AEP,Q1,33669631007.0,4580400000.0,3317000000.0,629200000.0,4116000000.0,7128000000.0,17241000000.0,1102800000.0,1.1649,0.5816,0.2168,1.29,17.6443,18.9126,1.8442,0.03649440287686329
2015-03-31 00:00:00.000000,AMT,Q1,58498088220.0,1079190000.0,4259000.0,193317000.0,925819000.0,1731414000.0,7351686000.0,419966000.0,2.1383,0.6914,0.2999,0.45,51.1685,53.0372,9.4492,0.026295600764232856
2015-03-31 00:00:00.000000,AWK,Q1,14893260000.0,698000000.0,1799000.0,80000000.0,729019000.0,1227548000.0,4992938000.0,203000000.0,1.20862,0.5895,0.3637,0.45,35.1555,38.2803,2.7812,0.016022630363124877
2015-03-31 00:00:00.000000,ABC,Q1,19620688010.0,33588602000.0,2720000.0,-199947000.0,20144710000.0,20805033000.0,1768346000.0,-88397000.0,1.12867,0.0297,0.0069,-0.91,20.2867,49.5509,6.9037,-0.11307006660461244
2015-03-31 00:00:00.000000,AME,Q1,17453660490.0,984059000.0,2595000.0,142107000.0,1608754000.0,898502000.0,3263862000.0,220952000.0,0.51248,0.3369,0.2128,0.59,25.7857,24.4831,4.3639,0.043539524649020084
2015-03-31 00:00:00.000000,AMGN,Q1,125410360000.0,5033000000.0,30420000000.0,1623000000.0,35064000000.0,6336000000.0,26506000000.0,2022000000.0,1.14468,0.8219,0.4365,2.13,63.777,64.1697,4.9957,0.06123141930129027
2015-03-31 00:00:00.000000,APH,Q1,26048697000.0,1327100000.0,300000.0,179800000.0,3533800000.0,925700000.0,2949900000.0,260200000.0,0.93515,0.3295,0.2036,0.58,41.3641,41.2207,6.7595,0.060951218685379165
2015-03-31 00:00:00.000000,APC,Q1,36436520000.0,2321000000.0,52000000.0,-3268000000.0,5165000000.0,5228000000.0,16332000000.0,-4208000000.0,1.03264,0.7083,-0.0564,-6.45,-78.2235,-63.1059,3.4066,-0.20009796718099437
2015-03-31 00:00:00.000000,ADI,Q1,33129787680.0,771986000.0,51939000.0,178757000.0,3803037000.0,632909000.0,4806210000.0,207934000.0,0.18162,0.6112,0.2117,0.57,42.9474,43.6411,3.2458,0.037192923322118675
2015-03-31 00:00:00.000000,ANSS,Q1,13919334640.0,217781000.0,932000.0,56132000.0,1029288000.0,444111000.0,2151265000.0,80058000.0,0.0,0.8629,0.3567,0.62,54.9597,48.3902,6.3339,0.026092554845637335
2015-03-31 00:00:00.000000,AOS,Q1,10583064286.0,618500000.0,148200000.0,58400000.0,1376300000.0,595800000.0,1405100000.0,82000000.0,0.21628,0.4134,0.1737,0.65,38.3941,35.6279,6.9124,0.0415628780869689
2015-03-31 00:00:00.000000,APA,Q1,15792450000.0,1638000000.0,256000000.0,-4651000000.0,5906000000.0,5493000000.0,21211000000.0,-7447000000.0,0.57861,0.7318,0.1323,-12.34,12.1554,12.345,2.1407,-0.2192730187167036
2015-06-30 00:00:00.000000,MMM,Q2,130105625000.0,7686000000.0,9000000.0,1300000000.0,13431000000.0,5095000000.0,13093000000.0,1840000000.0,0.6505,0.4946,0.2285,2.06,27.459,28.9508,11.5381,0.09928969678454136
2015-06-30 00:00:00.000000,ABBV,Q2,147789600000.0,5475000000.0,17000000.0,1366000000.0,16877000000.0,11258000000.0,5504000000.0,1852000000.0,5.65461,0.7505,0.3399,0.84,28.0606,29.2175,29.1226,0.24818313953488372
2015-06-30 00:00:00.000000,ACN,Q2,94167229797.0,7931590000.0,76000.0,690726000.0,11007808000.0,7493986000.0,5990851000.0,1021033000.0,0.00454,0.299,0.126,1.1,26.7856,23.518,10.3276,0.11529680841670073
2015-06-30 00:00:00.000000,ATVI,Q2,49990200000.0,1044000000.0,0.0,212000000.0,6051000000.0,1545000000.0,7801000000.0,332000000.0,0.52263,0.6436,0.1865,0.29,184.1667,175.8889,5.3673,0.02717600307652865
2015-06-30 00:00:00.000000,AYI,Q2,5296302000.0,616100000.0,500000.0,46400000.0,1250200000.0,434100000.0,1251600000.0,78600000.0,0.2826,0.4174,0.1393,1.07,15.8329,23.6984,3.2456,0.03707254713966123
2015-06-30 00:00:00.000000,ADBE,Q2,110831819640.0,1162158000.0,61000.0,147493000.0,4178397000.0,1937033000.0,6610103000.0,193617000.0,0.2881,0.8659,0.312,0.3,60.064,52.3382,13.0289,0.022313268038334652
2015-06-30 00:00:00.000000,AMD,Q2,9510480000.0,942000000.0,8000000.0,-181000000.0,2451000000.0,1399000000.0,-141000000.0,-137000000.0,-16.0922,0.3421,0.0383,-0.23,249.75,257.0,16.9879,1.2836879432624113
2015-06-30 00:00:00.000000,AAP,Q2,7662260960.0,2370037000.0,7000.0,149998000.0,4977928000.0,3879758000.0,2289129000.0,257049000.0,0.63502,0.4358,0.0608,2.04,16.162,15.4798,2.2516,0.06552623290343183
2015-06-30 00:00:00.000000,AES,Q2,7644137255.0,3656000000.0,8000000.0,69000000.0,7515000000.0,6563000000.0,3864000000.0,668000000.0,5.37345,0.234,0.1561,0.1,-6.6023,-6.1534,3.1163,0.017857142857142856
2015-06-30 00:00:00.000000,A,Q2,21818650000.0,963000000.0,6000000.0,87000000.0,3620000000.0,930000000.0,4158000000.0,107000000.0,0.39827,0.5433,0.1893,0.26,114.4915,32.0896,4.825,0.020923520923520924
2015-06-30 00:00:00.000000,APD,Q2,36396503000.0,2414500000.0,249400000.0,290000000.0,3114500000.0,3081300000.0,7332500000.0,376900000.0,0.80876,0.2949,0.1831,1.35,12.8097,10.9898,3.5874,0.03954994885782475
2015-06-30 00:00:00.000000,AKAM,Q2,12232156700.0,540723000.0,1805000.0,67200000.0,1151476000.0,348242000.0,3045312000.0,106260000.0,0.20178,0.6501,0.1263,0.38,56.5873,51.2126,3.7195,0.022066704495302944
2015-06-30 00:00:00.000000,ALK,Q2,8056767290.0,1437000000.0,1000000.0,234000000.0,1654000000.0,1927000000.0,2219000000.0,372000000.0,0.33574,0.6116,0.1588,1.8,7.8311,8.7616,2.1765,0.10545290671473637
2015-06-30 00:00:00.000000,ALB,Q2,10841843500.0,718290000.0,1122000.0,52147000.0,1654081000.0,1368078000.0,3179077000.0,79264000.0,1.25518,0.3613,0.1913,0.46,199.4898,261.0,2.9895,0.016403188724274372
2015-06-30 00:00:00.000000,ALXN,Q2,24142720000.0,636210000.0,23000.0,170215000.0,2533238000.0,769169000.0,8552871000.0,181082000.0,0.42437,0.8721,0.1767,0.84,54.7107,60.399,2.7269,0.01990150441880861
2015-06-30 00:00:00.000000,ALGN,Q2,19786600950.0,209488000.0,8000.0,31350000.0,657906000.0,222925000.0,769801000.0,42325000.0,0.0,0.7581,0.24,0.39,87.3039,76.8824,17.5754,0.0407248106978297
2015-06-30 00:00:00.000000,ALLE,Q2,8136000000.0,519500000.0,1000000.0,63900000.0,923200000.0,479000000.0,47300000.0,95700000.0,26.47569,0.4446,0.2027,0.7,29.2241,27.7213,20.259,1.3509513742071881
2015-06-30 00:00:00.000000,AGN,Q2,52910638000.0,3628700000.0,0.0,-243100000.0,10486900000.0,7649500000.0,72069100000.0,-476100000.0,0.60744,0.864,-0.3715,-0.8,-12.0174,-12.4018,0.7167,-0.003373151600339119
2015-06-30 00:00:00.000000,ADS,Q2,11596328000.0,1500600000.0,1120000.0,131300000.0,13357108000.0,6073751000.0,1959153000.0,285700000.0,5.14154,0.3019,0.2163,2.12,14.4658,17.8885,5.8255,0.06701875759575694
2015-06-30 00:00:00.000000,LNT,Q2,9541738000.0,717200000.0,1100000.0,70100000.0,1043900000.0,991500000.0,3820800000.0,109000000.0,1.01335,0.3609,0.1932,0.3,20.8744,21.4121,2.1774,0.018346943048576213
2015-06-30 00:00:00.000000,GOOGL,Q2,742809680365.0,17727000000.0,30722000000.0,3931000000.0,84164000000.0,17362000000.0,111783000000.0,4825000000.0,0.04681,0.5888,0.2359,4.99,59.8511,57.6574,4.9614,0.03516634908707048
2015-06-30 00:00:00.000000,MO,Q2,109731343629.0,6613000000.0,935000000.0,1448000000.0,4633000000.0,6261000000.0,2779000000.0,2224000000.0,5.009,0.4673,0.3736,0.74,10.7778,13.4482,7.1361,0.5210507376754228
2015-06-30 00:00:00.000000,AMZN,Q2,733195200000.0,23185000000.0,5000000.0,92000000.0,26391000000.0,23912000000.0,11768000000.0,464000000.0,0.70105,0.3707,0.0231,0.2,248.3724,185.0427,27.1772,0.007817811012916384
2015-06-30 00:00:00.000000,AEE,Q2,13651102000.0,1401000000.0,2000000.0,151000000.0,1991000000.0,2556000000.0,6764000000.0,237000000.0,1.07363,0.4583,0.236,0.61,26.2944,27.3102,1.9127,0.02232406859846245
2015-06-30 00:00:00.000000,AAL,Q2,22883091920.0,10827000000.0,7000000.0,1704000000.0,14109000000.0,15045000000.0,3636000000.0,1921000000.0,5.16887,0.7372,0.0961,2.47,11.9949,13.273,5.8587,0.46864686468646866
2015-06-30 00:00:00.000000,AEP,Q2,33669631007.0,3826700000.0,3321000000.0,430000000.0,4225000000.0,6650000000.0,17434000000.0,804100000.0,1.18636,0.5816,0.2168,0.88,17.6443,18.9126,1.8442,0.024664448778249397
2015-06-30 00:00:00.000000,AMT,Q2,58498088220.0,1174375000.0,4260000.0,156056000.0,940575000.0,1036628000.0,7310872000.0,389774000.0,2.21916,0.6914,0.2999,0.31,51.1685,53.0372,9.4492,0.021345743708821602
2015-06-30 00:00:00.000000,AWK,Q2,14893260000.0,782000000.0,1801000.0,123000000.0,890085000.0,1512188000.0,5053390000.0,277000000.0,1.24989,0.5895,0.3637,0.69,35.1555,38.2803,2.7812,0.02434009645010577
2015-06-30 00:00:00.000000,ABC,Q2,19620688010.0,32669267000.0,2741000.0,-513390000.0,19556823000.0,20225906000.0,1916255000.0,-364249000.0,2.09091,0.0297,0.0069,-2.33,20.2867,49.5509,6.9037,-0.2679131952688969
2015-06-30 00:00:00.000000,AME,Q2,17453660490.0,1003726000.0,2605000.0,155513000.0,1599342000.0,830131000.0,3453334000.0,240319000.0,0.48238,0.3369,0.2128,0.64,25.7857,24.4831,4.3639,0.04503271331414801
2015-06-30 00:00:00.000000,AMGN,Q2,125410360000.0,5370000000.0,30464000000.0,1653000000.0,37736000000.0,6891000000.0,27484000000.0,2076000000.0,1.16257,0.8219,0.4365,2.18,63.777,64.1697,4.9957,0.060144083830592346
2015-06-30 00:00:00.000000,APH,Q2,26048697000.0,1351500000.0,300000.0,179000000.0,3592800000.0,984700000.0,3065100000.0,260700000.0,0.90033,0.3295,0.2036,0.58,41.3641,41.2207,6.7595,0.058399399693321585
2015-06-30 00:00:00.000000,APC,Q2,36436520000.0,2636000000.0,52000000.0,61000000.0,5410000000.0,4669000000.0,16389000000.0,90000000.0,0.9798,0.7083,-0.0564,0.12,-78.2235,-63.1059,3.4066,0.003722008664348038
2015-06-30 00:00:00.000000,ADI,Q2,33129787680.0,821019000.0,52258000.0,205338000.0,4045761000.0,1068219000.0,4964208000.0,249008000.0,0.17587,0.6112,0.2117,0.66,42.9474,43.6411,3.2458,0.04136369789501165
2015-06-30 00:00:00.000000,ANSS,Q2,13919334640.0,235485000.0,932000.0,62335000.0,1110355000.0,430310000.0,2241305000.0,86495000.0,0.0,0.8629,0.3567,0.69,54.9597,48.3902,6.3339,0.027811922072185625
2015-06-30 00:00:00.000000,AOS,Q2,10583064286.0,653500000.0,148200000.0,71100000.0,1400000000.0,579100000.0,1436500000.0,103000000.0,0.19464,0.4134,0.1737,0.8,38.3941,35.6279,6.9124,0.04949530107901148
2015-06-30 00:00:00.000000,APA,Q2,15792450000.0,1991000000.0,257000000.0,-860000000.0,5493000000.0,2383000000.0,15544000000.0,-324000000.0,0.62249,0.7318,0.1323,-2.28,12.1554,12.345,2.1407,-0.05532681420483788
2015-09-30 00:00:00.000000,MMM,Q3,130105625000.0,7712000000.0,9000000.0,1296000000.0,11608000000.0,7032000000.0,12186000000.0,1876000000.0,0.92344,0.4946,0.2285,2.09,27.459,28.9508,11.5381,0.10635155096011817
2015-09-30 00:00:00.000000,ABBV,Q3,147789600000.0,5944000000.0,17000000.0,1239000000.0,17912000000.0,8813000000.0,4863000000.0,1885000000.0,6.60642,0.7505,0.3399,0.75,28.0606,29.2175,29.1226,0.25478099938309684
2015-09-30 00:00:00.000000,ACN,Q3,94167229797.0,8275066000.0,76000.0,793697000.0,11069521000.0,7888442000.0,5911214000.0,1133519000.0,0.0046,0.299,0.126,1.27,26.7856,23.518,10.3276,0.13426971177155828
2015-09-30 00:00:00.000000,ATVI,Q3,49990200000.0,990000000.0,0.0,127000000.0,6309000000.0,1610000000.0,7989000000.0,196000000.0,0.51045,0.6436,0.1865,0.17,184.1667,175.8889,5.3673,0.015896858179997496
2015-09-30 00:00:00.000000,AYI,Q3,5296302000.0,683700000.0,500000.0,64500000.0,1343600000.0,486100000.0,1313700000.0,99200000.0,0.26924,0.4174,0.1393,1.49,15.8329,23.6984,3.2456,0.04909796757250514
2015-09-30 00:00:00.000000,ADBE,Q3,110831819640.0,1217768000.0,61000.0,174465000.0,4525888000.0,2060814000.0,6841332000.0,246019000.0,0.27861,0.8659,0.312,0.35,60.064,52.3382,13.0289,0.025501612843814626
2015-09-30 00:00:00.000000,AMD,Q3,9510480000.0,1061000000.0,8000000.0,-197000000.0,2466000000.0,1449000000.0,-336000000.0,-158000000.0,-6.72619,0.3421,0.0383,-0.25,249.75,257.0,16.9879,0.5863095238095238
2015-09-30 00:00:00.000000,AAP,Q3,7662260960.0,2295203000.0,7000.0,120469000.0,5008385000.0,3950914000.0,2413076000.0,205525000.0,0.53612,0.4358,0.0608,1.64,16.162,15.4798,2.2516,0.049923417248358526
2015-09-30 00:00:00.000000,AES,Q3,7644137255.0,3522000000.0,8000000.0,180000000.0,7220000000.0,6534000000.0,3567000000.0,389000000.0,5.80264,0.234,0.1561,0.27,-6.6023,-6.1534,3.1163,0.050462573591253154
2015-09-30 00:00:00.000000,A,Q3,21818650000.0,1014000000.0,6000000.0,111000000.0,3478000000.0,853000000.0,4103000000.0,144000000.0,0.40336,0.5433,0.1893,0.33,114.4915,32.0896,4.825,0.027053375578844747
2015-09-30 00:00:00.000000,APD,Q3,36396503000.0,2470200000.0,249400000.0,318800000.0,3102300000.0,2918900000.0,7586000000.0,424800000.0,0.7729,0.2949,0.1831,1.48,12.8097,10.9898,3.5874,0.04202478249406802
2015-09-30 00:00:00.000000,AKAM,Q3,12232156700.0,551030000.0,1811000.0,88040000.0,1210985000.0,332006000.0,3085663000.0,115689000.0,0.20072,0.6501,0.1263,0.49,56.5873,51.2126,3.7195,0.02853195569315249
2015-09-30 00:00:00.000000,ALK,Q3,8056767290.0,1515000000.0,1000000.0,274000000.0,1715000000.0,1854000000.0,2365000000.0,433000000.0,0.30021,0.6116,0.1588,2.15,7.8311,8.7616,2.1765,0.11585623678646935
2015-09-30 00:00:00.000000,ALB,Q3,10841843500.0,693216000.0,1122000.0,65392000.0,1720915000.0,1322548000.0,3144489000.0,86420000.0,1.22224,0.3613,0.1913,0.58,199.4898,261.0,2.9895,0.0207957477351646
2015-09-30 00:00:00.000000,ALXN,Q3,24142720000.0,666637000.0,23000.0,-183757000.0,2480219000.0,766860000.0,8252869000.0,154568000.0,0.44222,0.8721,0.1767,-0.81,54.7107,60.399,2.7269,-0.022265832645592704
2015-09-30 00:00:00.000000,ALGN,Q3,19786600950.0,207636000.0,8000.0,27616000.0,711733000.0,244511000.0,798259000.0,38046000.0,0.0,0.7581,0.24,0.35,87.3039,76.8824,17.5754,0.034595287995500205
2015-09-30 00:00:00.000000,ALLE,Q3,8136000000.0,544500000.0,1000000.0,-27300000.0,875700000.0,517200000.0,14500000.0,110400000.0,112.75172,0.4446,0.2027,-0.3,29.2241,27.7213,20.259,-1.8827586206896552
2015-09-30 00:00:00.000000,AGN,Q3,52910638000.0,3469500000.0,0.0,5301200000.0,16658700000.0,8133000000.0,77473700000.0,-1377400000.0,0.56076,0.864,-0.3715,13.29,-12.0174,-12.4018,0.7167,0.0684258012719155
2015-09-30 00:00:00.000000,ADS,Q3,11596328000.0,1589100000.0,1121000.0,128400000.0,14097713000.0,5972359000.0,1947885000.0,287500000.0,5.1709,0.3019,0.2163,2.09,14.4658,17.8885,5.8255,0.06591764914253151
2015-09-30 00:00:00.000000,LNT,Q3,9541738000.0,898900000.0,1100000.0,182500000.0,1087700000.0,990800000.0,3945200000.0,235900000.0,1.00575,0.3609,0.1932,0.79,20.8744,21.4121,2.1774,0.04625874480381223
2015-09-30 00:00:00.000000,GOOGL,Q3,742809680365.0,18675000000.0,31864000000.0,3979000000.0,88103000000.0,18457000000.0,116241000000.0,4708000000.0,0.045,0.5888,0.2359,5.8,59.8511,57.6574,4.9614,0.03423060710076479
2015-09-30 00:00:00.000000,MO,Q3,109731343629.0,6699000000.0,935000000.0,1528000000.0,5511000000.0,6567000000.0,2887000000.0,2307000000.0,4.47558,0.4673,0.3736,0.78,10.7778,13.4482,7.1361,0.5292691375129892
2015-09-30 00:00:00.000000,AMZN,Q3,733195200000.0,25358000000.0,5000000.0,79000000.0,28849000000.0,26657000000.0,12430000000.0,406000000.0,0.66315,0.3707,0.0231,0.17,248.3724,185.0427,27.1772,0.006355591311343524
2015-09-30 00:00:00.000000,AEE,Q3,13651102000.0,1833000000.0,2000000.0,345000000.0,1983000000.0,2489000000.0,7014000000.0,626000000.0,1.02067,0.4583,0.236,1.42,26.2944,27.3102,1.9127,0.04918733960650128
2015-09-30 00:00:00.000000,AAL,Q3,22883091920.0,10706000000.0,6000000.0,1693000000.0,13706000000.0,14161000000.0,3762000000.0,1999000000.0,5.46544,0.7372,0.0961,2.56,11.9949,13.273,5.8587,0.450026581605529
2015-09-30 00:00:00.000000,AEP,Q3,33669631007.0,4431400000.0,3322000000.0,518300000.0,4548000000.0,7058000000.0,17699000000.0,960200000.0,1.14176,0.5816,0.2168,1.06,17.6443,18.9126,1.8442,0.029284140346912256
2015-09-30 00:00:00.000000,AMT,Q3,58498088220.0,1237910000.0,4263000.0,102999000.0,940355000.0,1369508000.0,6617891000.0,400925000.0,2.57294,0.6914,0.2999,0.18,51.1685,53.0372,9.4492,0.015563719620042094
2015-09-30 00:00:00.000000,AWK,Q3,14893260000.0,896000000.0,1807000.0,174000000.0,879009000.0,1165387000.0,5165452000.0,361000000.0,1.22789,0.5895,0.3637,0.97,35.1555,38.2803,2.7812,0.03368533866929748
2015-09-30 00:00:00.000000,ABC,Q3,19620688010.0,34233556000.0,2747000.0,214163000.0,19902034000.0,21117291000.0,1575624000.0,332565000.0,2.38011,0.0297,0.0069,0.98,20.2867,49.5509,6.9037,0.135922656674435
2015-09-30 00:00:00.000000,AME,Q3,17453660490.0,998527000.0,2607000.0,156398000.0,1590740000.0,925477000.0,3315269000.0,237615000.0,0.57826,0.3369,0.2128,0.65,25.7857,24.4831,4.3639,0.0471750557797874
2015-09-30 00:00:00.000000,AMGN,Q3,125410360000.0,5723000000.0,30556000000.0,1863000000.0,38844000000.0,7165000000.0,27967000000.0,2339000000.0,1.13566,0.8219,0.4365,2.46,63.777,64.1697,4.9957,0.06661422390674723
2015-09-30 00:00:00.000000,APH,Q3,26048697000.0,1459600000.0,300000.0,204500000.0,3862300000.0,1081300000.0,3143300000.0,294800000.0,0.90777,0.3295,0.2036,0.66,41.3641,41.2207,6.7595,0.06505901441160564
2015-09-30 00:00:00.000000,APC,Q3,36436520000.0,1688000000.0,52000000.0,-2235000000.0,5187000000.0,4438000000.0,14079000000.0,-2549000000.0,1.13112,0.7083,-0.0564,-4.41,-78.2235,-63.1059,3.4066,-0.15874707010441083
2015-09-30 00:00:00.000000,ADI,Q3,33129787680.0,863365000.0,52280000.0,216478000.0,4149892000.0,1057770000.0,5065161000.0,265269000.0,0.17239,0.6112,0.2117,0.69,42.9474,43.6411,3.2458,0.04273862173384025
2015-09-30 00:00:00.000000,ANSS,Q3,13919334640.0,237840000.0,932000.0,66033000.0,1045264000.0,411957000.0,2211596000.0,90183000.0,0.0,0.8629,0.3567,0.74,54.9597,48.3902,6.3339,0.02985762318253424
2015-09-30 00:00:00.000000,AOS,Q3,10583064286.0,625100000.0,148200000.0,73600000.0,1413800000.0,624100000.0,1422400000.0,106600000.0,0.18335,0.4134,0.1737,0.41,38.3941,35.6279,6.9124,0.05174353205849269
2015-09-30 00:00:00.000000,APA,Q3,15792450000.0,1606000000.0,257000000.0,-4143000000.0,4079000000.0,2167000000.0,9809000000.0,-4130000000.0,0.89479,0.7318,0.1323,-10.95,12.1554,12.345,2.1407,-0.42236721378326025
2015-12-31 00:00:00.000000,MMM,Q4,130105625000.0,7298000000.0,9000000.0,1038000000.0,10986000000.0,7118000000.0,11429000000.0,1453000000.0,0.9447,0.4946,0.2285,1.69,27.459,28.9508,11.5381,0.09082159419021786
2015-12-31 00:00:00.000000,ABBV,Q4,147789600000.0,6400000000.0,17000000.0,1517000000.0,16314000000.0,10894000000.0,3945000000.0,2113000000.0,8.02814,0.7505,0.3399,0.93,28.0606,29.2175,29.1226,0.38453738910012675
2015-12-31 00:00:00.000000,ACN,Q4,94167229797.0,8364511000.0,76000.0,737628000.0,10700074000.0,8491006000.0,6133725000.0,1093608000.0,0.00447,0.299,0.126,1.18,26.7856,23.518,10.3276,0.1202577552792145
2015-12-31 00:00:00.000000,ATVI,Q4,49990200000.0,1352000000.0,0.0,159000000.0,3387000000.0,2611000000.0,8068000000.0,249000000.0,0.50496,0.6436,0.1865,0.22,184.1667,175.8889,5.3673,0.019707486365889936
2015-12-31 00:00:00.000000,AYI,Q4,5296302000.0,759500000.0,500000.0,60100000.0,1413400000.0,520900000.0,1360000000.0,111800000.0,0.25912,0.4174,0.1393,1.39,15.8329,23.6984,3.2456,0.044191176470588234
2015-12-31 00:00:00.000000,ADBE,Q4,110831819640.0,1306404000.0,61000.0,222705000.0,4821892000.0,2213556000.0,7001580000.0,290434000.0,0.2724,0.8659,0.312,0.44,60.064,52.3382,13.0289,0.031807820520511086
2015-12-31 00:00:00.000000,AMD,Q4,9510480000.0,958000000.0,8000000.0,-102000000.0,2320000000.0,1403000000.0,-412000000.0,-49000000.0,-5.42961,0.3421,0.0383,-0.12,249.75,257.0,16.9879,0.24757281553398058
2015-12-31 00:00:00.000000,AAP,Q4,7662260960.0,2033545000.0,7000.0,54819000.0,4940746000.0,3797477000.0,2460648000.0,100678000.0,0.49048,0.4358,0.0608,0.75,16.162,15.4798,2.2516,0.022278277917036488
2015-12-31 00:00:00.000000,AES,Q4,7644137255.0,324000000.0,8000000.0,-85000000.0,6842000000.0,6926000000.0,3149000000.0,150000000.0,6.37695,0.234,0.1561,-0.12,-6.6023,-6.1534,3.1163,-0.026992696093998094
2015-12-31 00:00:00.000000,A,Q4,21818650000.0,1035000000.0,6000000.0,140000000.0,3686000000.0,976000000.0,4167000000.0,156000000.0,0.39717,0.5433,0.1893,0.42,114.4915,32.0896,4.825,0.033597312215022795
2015-12-31 00:00:00.000000,APD,Q4,36396503000.0,378800000.0,249400000.0,344500000.0,2793500000.0,3644400000.0,7249000000.0,-800000.0,0.81101,0.2949,0.1831,1.6,12.8097,10.9898,3.5874,0.047523796385708375
2015-12-31 00:00:00.000000,AKAM,Q4,12232156700.0,579159000.0,1772000.0,88420000.0,1253188000.0,332440000.0,3120878000.0,122680000.0,0.19804,0.6501,0.1263,0.5,56.5873,51.2126,3.7195,0.028331770738875408
2015-12-31 00:00:00.000000,ALK,Q4,8056767290.0,1377000000.0,1000000.0,191000000.0,1663000000.0,1805000000.0,2411000000.0,255000000.0,0.28328,0.6116,0.1588,1.53,7.8311,8.7616,2.1765,0.07922024056408129
2015-12-31 00:00:00.000000,ALB,Q4,10841843500.0,722610000.0,1122000.0,174252000.0,1831002000.0,1616685000.0,3254392000.0,153014000.0,1.17292,0.3613,0.1913,1.56,199.4898,261.0,2.9895,0.053543641946022486
2015-12-31 00:00:00.000000,ALXN,Q4,24142720000.0,700800000.0,0.0,66600000.0,2416000000.0,709000000.0,8259000000.0,97300000.0,0.43238,0.8721,0.1767,0.31,54.7107,60.399,2.7269,0.008063930257900472
2015-12-31 00:00:00.000000,ALGN,Q4,19786600950.0,230276000.0,8000.0,48877000.0,732010000.0,271672000.0,847926000.0,59339000.0,0.0,0.7581,0.24,0.61,87.3039,76.8824,17.5754,0.05764300186572885
2015-12-31 00:00:00.000000,ALLE,Q4,8136000000.0,545400000.0,1000000.0,71900000.0,735100000.0,447100000.0,25600000.0,81500000.0,59.49609,0.4446,0.2027,0.7,29.2241,27.7213,20.259,2.80859375
2015-12-31 00:00:00.000000,AGN,Q4,52910638000.0,3606900000.0,0.0,-630900000.0,8579100000.0,8292000000.0,76591400000.0,-569500000.0,0.56576,0.864,-0.3715,-2.2,-12.0174,-12.4018,0.7167,-0.008237217233266397
2015-12-31 00:00:00.000000,ADS,Q4,11596328000.0,1748800000.0,1100000.0,174200000.0,16250400000.0,6403100000.0,2010000000.0,364000000.0,5.72144,0.3019,0.2163,2.36,14.4658,17.8885,5.8255,0.08666666666666667
2015-12-31 00:00:00.000000,LNT,Q4,9541738000.0,740100000.0,2300000.0,36600000.0,826800000.0,1359300000.0,3924100000.0,79200000.0,1.01817,0.3609,0.1932,0.15,20.8744,21.4121,2.1774,0.009326979434774852
2015-12-31 00:00:00.000000,GOOGL,Q4,742809680365.0,21329000000.0,32982000000.0,4923000000.0,90114000000.0,19310000000.0,120331000000.0,5380000000.0,0.04338,0.5888,0.2359,7.16,59.8511,57.6574,4.9614,0.04091215065112066
2015-12-31 00:00:00.000000,MO,Q4,109731343629.0,6318000000.0,935000000.0,1247000000.0,4911000000.0,7070000000.0,2880000000.0,1965000000.0,4.46076,0.4673,0.3736,0.64,10.7778,13.4482,7.1361,0.4329861111111111
2015-12-31 00:00:00.000000,AMZN,Q4,733195200000.0,35747000000.0,5000000.0,482000000.0,35705000000.0,33887000000.0,13384000000.0,1109000000.0,0.61469,0.3707,0.0231,1.04,248.3724,185.0427,27.1772,0.036013150029886434
2015-12-31 00:00:00.000000,AEE,Q4,13651102000.0,1308000000.0,2000000.0,30000000.0,1917000000.0,2093000000.0,6946000000.0,140000000.0,1.0907,0.4583,0.236,0.12,26.2944,27.3102,1.9127,0.004319032536711776
2015-12-31 00:00:00.000000,AAL,Q4,22883091920.0,9630000000.0,6000000.0,3281000000.0,9985000000.0,13605000000.0,5635000000.0,1068000000.0,3.6488,0.7372,0.0961,5.05,11.9949,13.273,5.8587,0.5822537710736468
2015-12-31 00:00:00.000000,AEP,Q4,33669631007.0,3614700000.0,3324000000.0,469600000.0,4072400000.0,7108500000.0,17891700000.0,466400000.0,1.13867,0.5816,0.2168,0.95,17.6443,18.9126,1.8442,0.026246807178747687
2015-12-31 00:00:00.000000,AMT,Q4,58498088220.0,1280000000.0,4267000.0,232700000.0,996468000.0,1200029000.0,6651679000.0,402100000.0,2.57364,0.6914,0.2999,0.49,51.1685,53.0372,9.4492,0.034983648489351336
2015-12-31 00:00:00.000000,AWK,Q4,14893260000.0,783000000.0,2000000.0,99000000.0,657000000.0,1533000000.0,5049000000.0,231000000.0,1.2961,0.5895,0.3637,0.56,35.1555,38.2803,2.7812,0.0196078431372549
2015-12-31 00:00:00.000000,ABC,Q4,19620688010.0,35470378000.0,2750000.0,361009000.0,20334488000.0,21578227000.0,616386000.0,542301000.0,6.06637,0.0297,0.0069,1.64,20.2867,49.5509,6.9037,0.5856865665346066
2015-12-31 00:00:00.000000,AME,Q4,17453660490.0,987983000.0,2608000.0,136841000.0,1618827000.0,1024021000.0,3254626000.0,208830000.0,0.59547,0.3369,0.2128,0.57,25.7857,24.4831,4.3639,0.04204507676150808
2015-12-31 00:00:00.000000,AMGN,Q4,125410360000.0,5536000000.0,30649000000.0,1800000000.0,38515000000.0,8664000000.0,28083000000.0,2033000000.0,1.11915,0.8219,0.4365,2.39,63.777,64.1697,4.9957,0.06409571626962932
2015-12-31 00:00:00.000000,APH,Q4,26048697000.0,1430500000.0,300000.0,200200000.0,3850000000.0,1008400000.0,3238500000.0,289000000.0,0.86877,0.3295,0.2036,0.65,41.3641,41.2207,6.7595,0.06181874324532963
2015-12-31 00:00:00.000000,APC,Q4,36436520000.0,2053000000.0,52000000.0,-1250000000.0,3981000000.0,4180000000.0,12819000000.0,-2142000000.0,1.22225,0.7083,-0.0564,-2.45,-78.2235,-63.1059,3.4066,-0.09751150635775022
2015-12-31 00:00:00.000000,ADI,Q4,33129787680.0,978722000.0,52011000.0,96305000.0,4079548000.0,1113585000.0,5072959000.0,108630000.0,0.17148,0.6112,0.2117,0.31,42.9474,43.6411,3.2458,0.01898398942313549
2015-12-31 00:00:00.000000,ANSS,Q4,13919334640.0,251647000.0,932000.0,68021000.0,1076426000.0,484146000.0,2194427000.0,96943000.0,0.0,0.8629,0.3567,0.77,54.9597,48.3902,6.3339,0.03099715780019112
2015-12-31 00:00:00.000000,AOS,Q4,10583064286.0,639400000.0,296200000.0,79800000.0,1403300000.0,653200000.0,1442300000.0,107500000.0,0.17264,0.4134,0.1737,0.45,38.3941,35.6279,6.9124,0.05532829508424045
2015-12-31 00:00:00.000000,APA,Q4,15792450000.0,1254000000.0,257000000.0,-4015000000.0,3752000000.0,1841000000.0,7888000000.0,-5462000000.0,1.10497,0.7318,0.1323,-10.62,12.1554,12.345,2.1407,-0.509001014198783
2016-03-31 00:00:00.000000,MMM,Q1,130105625000.0,7409000000.0,9000000.0,1275000000.0,10874000000.0,7178000000.0,11733000000.0,1788000000.0,0.94937,0.4946,0.2285,2.1,27.459,28.9508,11.5381,0.10866785988238302
2016-03-31 00:00:00.000000,ABBV,Q1,147789600000.0,5958000000.0,18000000.0,1354000000.0,16622000000.0,10662000000.0,4643000000.0,2278000000.0,6.87336,0.7505,0.3399,0.83,28.0606,29.2175,29.1226,0.291621796252423
2016-03-31 00:00:00.000000,ACN,Q1,94167229797.0,8465984000.0,76000.0,818899000.0,10623048000.0,8472398000.0,5900425000.0,1221260000.0,0.00469,0.299,0.126,1.31,26.7856,23.518,10.3276,0.13878644334941975
2016-03-31 00:00:00.000000,ATVI,Q1,49990200000.0,1455000000.0,0.0,363000000.0,4008000000.0,2322000000.0,8348000000.0,461000000.0,0.69969,0.6436,0.1865,0.49,184.1667,175.8889,5.3673,0.043483469094393865
2016-03-31 00:00:00.000000,AYI,Q1,5296302000.0,736600000.0,500000.0,68400000.0,1255200000.0,512700000.0,1434900000.0,112400000.0,0.24559,0.4174,0.1393,1.58,15.8329,23.6984,3.2456,0.04766882709596488
2016-03-31 00:00:00.000000,ADBE,Q1,110831819640.0,1383335000.0,61000.0,254307000.0,4935390000.0,2231806000.0,7081202000.0,307758000.0,0.27069,0.8659,0.312,0.51,60.064,52.3382,13.0289,0.03591297070751547
2016-03-31 00:00:00.000000,AMD,Q1,9510480000.0,832000000.0,8000000.0,-109000000.0,2226000000.0,1328000000.0,-503000000.0,-68000000.0,-4.44533,0.3421,0.0383,-0.14,249.75,257.0,16.9879,0.21669980119284293
2016-03-31 00:00:00.000000,AAP,Q1,7662260960.0,2979778000.0,8000.0,158813000.0,5266227000.0,3908563000.0,2629139000.0,270999000.0,0.46802,0.4358,0.0608,2.16,16.162,15.4798,2.2516,0.06040494625807156
2016-03-31 00:00:00.000000,AES,Q1,7644137255.0,3271000000.0,8000000.0,126000000.0,6947000000.0,6572000000.0,3201000000.0,302000000.0,6.42206,0.234,0.1561,0.19,-6.6023,-6.1534,3.1163,0.03936269915651359
2016-03-31 00:00:00.000000,A,Q1,21818650000.0,1028000000.0,6000000.0,121000000.0,3399000000.0,947000000.0,4045000000.0,155000000.0,0.42843,0.5433,0.1893,0.37,114.4915,32.0896,4.825,0.029913473423980222
2016-03-31 00:00:00.000000,APD,Q1,36396503000.0,1866300000.0,249400000.0,363600000.0,2779000000.0,3572400000.0,7367100000.0,372500000.0,0.7897,0.2949,0.1831,1.68,12.8097,10.9898,3.5874,0.04935456285376878
2016-03-31 00:00:00.000000,AKAM,Q1,12232156700.0,567725000.0,1783000.0,74858000.0,1330828000.0,333233000.0,3113582000.0,114119000.0,0.20025,0.6501,0.1263,0.42,56.5873,51.2126,3.7195,0.02404240517834443
2016-03-31 00:00:00.000000,ALK,Q1,8056767290.0,1347000000.0,1000000.0,184000000.0,1923000000.0,2069000000.0,2455000000.0,290000000.0,0.26354,0.6116,0.1588,1.47,7.8311,8.7616,2.1765,0.07494908350305499
2016-03-31 00:00:00.000000,ALB,Q1,10841843500.0,657211000.0,1123000.0,228186000.0,1615391000.0,1225098000.0,3540305000.0,121473000.0,1.01407,0.3613,0.1913,2.03,199.4898,261.0,2.9895,0.0644537688137039
2016-03-31 00:00:00.000000,ALXN,Q1,24142720000.0,701000000.0,23000.0,92000000.0,2127509000.0,603613000.0,8062277000.0,166000000.0,0.42433,0.8721,0.1767,0.41,54.7107,60.399,2.7269,0.01141116833371019
2016-03-31 00:00:00.000000,ALGN,Q1,19786600950.0,238720000.0,8000.0,40546000.0,783003000.0,274750000.0,892030000.0,53334000.0,0.0,0.7581,0.24,0.51,87.3039,76.8824,17.5754,0.04545362824120265
2016-03-31 00:00:00.000000,ALLE,Q1,8136000000.0,502300000.0,1000000.0,57700000.0,710400000.0,406100000.0,73700000.0,82500000.0,20.29851,0.4446,0.2027,0.6,29.2241,27.7213,20.259,0.7829036635006784
2016-03-31 00:00:00.000000,AGN,Q1,52910638000.0,3399300000.0,0.0,255700000.0,10091500000.0,10195500000.0,77450000000.0,-171500000.0,0.55965,0.864,-0.3715,0.47,-12.0174,-12.4018,0.7167,0.003301484828921885
2016-03-31 00:00:00.000000,ADS,Q1,11596328000.0,1676100000.0,1100000.0,157100000.0,16230200000.0,6643100000.0,1741200000.0,344300000.0,6.80467,0.3019,0.2163,2.36,14.4658,17.8885,5.8255,0.09022513209280955
2016-03-31 00:00:00.000000,LNT,Q1,9541738000.0,843800000.0,1100000.0,99100000.0,768500000.0,1348500000.0,3964600000.0,145900000.0,1.02141,0.3609,0.1932,0.43,20.8744,21.4121,2.1774,0.02499621651616809
2016-03-31 00:00:00.000000,GOOGL,Q1,742809680365.0,20257000000.0,33695000000.0,4207000000.0,90955000000.0,17684000000.0,123569000000.0,5342000000.0,0.04215,0.5888,0.2359,6.12,59.8511,57.6574,4.9614,0.03404575581254198
2016-03-31 00:00:00.000000,MO,Q1,109731343629.0,6066000000.0,935000000.0,1217000000.0,7498000000.0,8616000000.0,2745000000.0,1977000000.0,4.68124,0.4673,0.3736,0.62,10.7778,13.4482,7.1361,0.44335154826958106
2016-03-31 00:00:00.000000,AMZN,Q1,733195200000.0,29128000000.0,5000000.0,513000000.0,30513000000.0,28187000000.0,14756000000.0,1071000000.0,0.55699,0.3707,0.0231,1.09,248.3724,185.0427,27.1772,0.034765519110870155
2016-03-31 00:00:00.000000,AEE,Q1,13651102000.0,1434000000.0,2000000.0,105000000.0,1458000000.0,1839000000.0,6869000000.0,220000000.0,1.10598,0.4583,0.236,0.43,26.2944,27.3102,1.9127,0.015286067841024894
2016-03-31 00:00:00.000000,AAL,Q1,22883091920.0,9435000000.0,6000000.0,700000000.0,10802000000.0,15277000000.0,4710000000.0,1335000000.0,4.61656,0.7372,0.0961,1.15,11.9949,13.273,5.8587,0.14861995753715498
2016-03-31 00:00:00.000000,AEP,Q1,33669631007.0,4044900000.0,3325300000.0,501200000.0,4146300000.0,7221900000.0,18126500000.0,892900000.0,1.15872,0.5816,0.2168,1.02,17.6443,18.9126,1.8442,0.027650125506854605
2016-03-31 00:00:00.000000,AMT,Q1,58498088220.0,1289047000.0,4273000.0,275159000.0,1036516000.0,1198156000.0,6933249000.0,451853000.0,2.45514,0.6914,0.2999,0.59,51.1685,53.0372,9.4492,0.03968687696057072
2016-03-31 00:00:00.000000,AWK,Q1,14893260000.0,743000000.0,2000000.0,82000000.0,638000000.0,1614000000.0,5082000000.0,213000000.0,1.32684,0.5895,0.3637,0.46,35.1555,38.2803,2.7812,0.016135379771743407
2016-03-31 00:00:00.000000,ABC,Q1,19620688010.0,36709046000.0,2759000.0,329639000.0,20361675000.0,24024341000.0,1300019000.0,-178136000.0,3.46282,0.0297,0.0069,1.6,20.2867,49.5509,6.9037,0.2535647555920337
2016-03-31 00:00:00.000000,AME,Q1,17453660490.0,944398000.0,2610000.0,134170000.0,1662590000.0,1290554000.0,3296686000.0,208523000.0,0.67291,0.3369,0.2128,0.57,25.7857,24.4831,4.3639,0.04069844686451788
2016-03-31 00:00:00.000000,AMGN,Q1,125410360000.0,5527000000.0,30588000000.0,1900000000.0,42206000000.0,8523000000.0,28682000000.0,2402000000.0,1.19612,0.8219,0.4365,2.52,63.777,64.1697,4.9957,0.06624363712432885
2016-03-31 00:00:00.000000,APH,Q1,26048697000.0,1451200000.0,300000.0,156600000.0,2989600000.0,1069600000.0,3386200000.0,239400000.0,0.84652,0.3295,0.2036,0.51,41.3641,41.2207,6.7595,0.04624653003366606
2016-03-31 00:00:00.000000,APC,Q1,36436520000.0,1674000000.0,53000000.0,-1034000000.0,5767000000.0,6657000000.0,11686000000.0,-864000000.0,1.60457,0.7083,-0.0564,-2.03,-78.2235,-63.1059,3.4066,-0.08848194420674312
2016-03-31 00:00:00.000000,ADI,Q1,33129787680.0,769429000.0,51671000.0,164504000.0,4644134000.0,594105000.0,4994862000.0,195045000.0,0.34655,0.6112,0.2117,0.53,42.9474,43.6411,3.2458,0.032934643639804265
2016-03-31 00:00:00.000000,ANSS,Q1,13919334640.0,225906000.0,932000.0,56468000.0,1118679000.0,474824000.0,2233903000.0,85022000.0,0.0,0.8629,0.3567,0.64,54.9597,48.3902,6.3339,0.02527773139657362
2016-03-31 00:00:00.000000,AOS,Q1,10583064286.0,636900000.0,148100000.0,73500000.0,1425900000.0,602000000.0,1478500000.0,103300000.0,0.19432,0.4134,0.1737,0.42,38.3941,35.6279,6.9124,0.04971254649983091
2016-03-31 00:00:00.000000,APA,Q1,15792450000.0,1087000000.0,257000000.0,-372000000.0,3222000000.0,1598000000.0,2018000000.0,-273000000.0,4.32012,0.7318,0.1323,-0.98,12.1554,12.345,2.1407,-0.18434093161546086
2016-06-30 00:00:00.000000,MMM,Q2,130105625000.0,7662000000.0,9000000.0,1291000000.0,11436000000.0,7254000000.0,11894000000.0,1866000000.0,0.98781,0.4946,0.2285,2.13,27.459,28.9508,11.5381,0.10854212207835884
2016-06-30 00:00:00.000000,ABBV,Q2,147789600000.0,6452000000.0,18000000.0,1610000000.0,16791000000.0,9272000000.0,5640000000.0,2387000000.0,6.71011,0.7505,0.3399,0.99,28.0606,29.2175,29.1226,0.2854609929078014
2016-06-30 00:00:00.000000,ACN,Q2,94167229797.0,8397053000.0,76000.0,1326520000.0,10678800000.0,7573179000.0,6811661000.0,1088044000.0,0.00421,0.299,0.126,2.12,26.7856,23.518,10.3276,0.1947425158122226
2016-06-30 00:00:00.000000,ATVI,Q2,49990200000.0,1570000000.0,0.0,151000000.0,3420000000.0,2191000000.0,8554000000.0,232000000.0,0.58838,0.6436,0.1865,0.2,184.1667,175.8889,5.3673,0.017652560205751695
2016-06-30 00:00:00.000000,AYI,Q2,5296302000.0,777800000.0,500000.0,65500000.0,997700000.0,513400000.0,1493400000.0,106700000.0,0.23684,0.4174,0.1393,1.5,15.8329,23.6984,3.2456,0.043859649122807015
2016-06-30 00:00:00.000000,ADBE,Q2,110831819640.0,1398709000.0,61000.0,244074000.0,5238564000.0,2385590000.0,7248611000.0,344239000.0,0.26466,0.8659,0.312,0.49,60.064,52.3382,13.0289,0.03367183036860441
2016-06-30 00:00:00.000000,AMD,Q2,9510480000.0,1027000000.0,8000000.0,69000000.0,2506000000.0,1581000000.0,-413000000.0,-8000000.0,-5.41889,0.3421,0.0383,0.09,249.75,257.0,16.9879,-0.16707021791767554
2016-06-30 00:00:00.000000,AAP,Q2,7662260960.0,2256155000.0,8000.0,124600000.0,5279784000.0,3841233000.0,2748897000.0,216684000.0,0.42566,0.4358,0.0608,1.69,16.162,15.4798,2.2516,0.04532727126552941
2016-06-30 00:00:00.000000,AES,Q2,7644137255.0,3229000000.0,8000000.0,-482000000.0,7381000000.0,6216000000.0,2766000000.0,292000000.0,7.51265,0.234,0.1561,-0.73,-6.6023,-6.1534,3.1163,-0.1742588575560376
2016-06-30 00:00:00.000000,A,Q2,21818650000.0,1019000000.0,6000000.0,91000000.0,3488000000.0,1133000000.0,4162000000.0,131000000.0,0.45387,0.5433,0.1893,0.28,114.4915,32.0896,4.825,0.02186448822681403
2016-06-30 00:00:00.000000,APD,Q2,36396503000.0,1777400000.0,249400000.0,-473300000.0,3031200000.0,3839100000.0,6916600000.0,371600000.0,0.84116,0.2949,0.1831,-2.19,12.8097,10.9898,3.5874,-0.06842957522482145
2016-06-30 00:00:00.000000,AKAM,Q2,12232156700.0,572135000.0,1791000.0,73635000.0,1365584000.0,376542000.0,3150473000.0,110180000.0,0.19964,0.6501,0.1263,0.42,56.5873,51.2126,3.7195,0.023372680864111515
2016-06-30 00:00:00.000000,ALK,Q2,8056767290.0,1494000000.0,1000000.0,260000000.0,2003000000.0,2061000000.0,2627000000.0,418000000.0,0.23829,0.6116,0.1588,2.11,7.8311,8.7616,2.1765,0.09897221164826799
2016-06-30 00:00:00.000000,ALB,Q2,10841843500.0,669327000.0,1124000.0,-314821000.0,1527760000.0,1159058000.0,3156615000.0,122519000.0,1.11296,0.3613,0.1913,-2.8,199.4898,261.0,2.9895,-0.09973373376227383
2016-06-30 00:00:00.000000,ALXN,Q2,24142720000.0,753000000.0,23000.0,120000000.0,2361209000.0,658462000.0,8199339000.0,195000000.0,0.42036,0.8721,0.1767,0.54,54.7107,60.399,2.7269,0.014635326091530062
2016-06-30 00:00:00.000000,ALGN,Q2,19786600950.0,269362000.0,8000.0,50148000.0,825407000.0,298989000.0,909858000.0,65136000.0,0.0,0.7581,0.24,0.63,87.3039,76.8824,17.5754,0.05511629287207454
2016-06-30 00:00:00.000000,ALLE,Q2,8136000000.0,584900000.0,1000000.0,95000000.0,827900000.0,469700000.0,139200000.0,124300000.0,10.67313,0.4446,0.2027,0.99,29.2241,27.7213,20.259,0.6824712643678161
2016-06-30 00:00:00.000000,AGN,Q2,52910638000.0,3684800000.0,0.0,-501700000.0,8755200000.0,8867400000.0,76643900000.0,-487600000.0,0.52613,0.864,-0.3715,-1.44,-12.0174,-12.4018,0.7167,-0.0065458568783686635
2016-06-30 00:00:00.000000,ADS,Q2,11596328000.0,1748800000.0,1100000.0,140700000.0,16689100000.0,7473400000.0,1729700000.0,320600000.0,6.77337,0.3019,0.2163,1.24,14.4658,17.8885,5.8255,0.08134358559287738
2016-06-30 00:00:00.000000,LNT,Q2,9541738000.0,754600000.0,2300000.0,86400000.0,702300000.0,1373200000.0,3990200000.0,128600000.0,1.03328,0.3609,0.1932,0.37,20.8744,21.4121,2.1774,0.021653049972432458
2016-06-30 00:00:00.000000,GOOGL,Q2,742809680365.0,21500000000.0,34293000000.0,4877000000.0,94238000000.0,17341000000.0,127879000000.0,5968000000.0,0.03287,0.5888,0.2359,7.11,59.8511,57.6574,4.9614,0.03813761446367269
2016-06-30 00:00:00.000000,MO,Q2,109731343629.0,6521000000.0,935000000.0,1653000000.0,4600000000.0,5512000000.0,3140000000.0,2410000000.0,4.08822,0.4673,0.3736,0.84,10.7778,13.4482,7.1361,0.5264331210191083
2016-06-30 00:00:00.000000,AMZN,Q2,733195200000.0,30404000000.0,5000000.0,857000000.0,32220000000.0,29587000000.0,16538000000.0,1285000000.0,0.49655,0.3707,0.0231,1.81,248.3724,185.0427,27.1772,0.05182005079211513
2016-06-30 00:00:00.000000,AEE,Q2,13651102000.0,1427000000.0,2000000.0,147000000.0,1594000000.0,2430000000.0,6922000000.0,325000000.0,1.12886,0.4583,0.236,0.61,26.2944,27.3102,1.9127,0.021236636810170472
2016-06-30 00:00:00.000000,AAL,Q2,22883091920.0,10363000000.0,5000000.0,950000000.0,11184000000.0,14917000000.0,4312000000.0,1751000000.0,5.29824,0.7372,0.0961,1.69,11.9949,13.273,5.8587,0.22031539888682747
2016-06-30 00:00:00.000000,AMT,Q2,58498088220.0,1442227000.0,4280000.0,187550000.0,1320600000.0,1655631000.0,6773515000.0,432806000.0,2.76327,0.6914,0.2999,0.38,51.1685,53.0372,9.4492,0.02768872586832686
2016-06-30 00:00:00.000000,AWK,Q2,14893260000.0,827000000.0,2000000.0,137000000.0,691000000.0,1740000000.0,5153000000.0,297000000.0,1.3301,0.5895,0.3637,0.77,35.1555,38.2803,2.7812,0.026586454492528624
2016-06-30 00:00:00.000000,ABC,Q2,19620688010.0,35698357000.0,2765000.0,603450000.0,22070068000.0,23770910000.0,2191162000.0,950482000.0,2.04829,0.0297,0.0069,2.9,20.2867,49.5509,6.9037,0.27540181876100445
2016-06-30 00:00:00.000000,AME,Q2,17453660490.0,977706000.0,2612000.0,138193000.0,1707622000.0,1207462000.0,3356577000.0,219036000.0,0.6382,0.3369,0.2128,0.59,25.7857,24.4831,4.3639,0.04117081181215268
2016-06-30 00:00:00.000000,AMGN,Q2,125410360000.0,5688000000.0,30595000000.0,1870000000.0,42947000000.0,10830000000.0,30133000000.0,2380000000.0,1.10251,0.8219,0.4365,2.49,63.777,64.1697,4.9957,0.06205820860850231
2016-06-30 00:00:00.000000,APH,Q2,26048697000.0,1548200000.0,300000.0,206500000.0,3158100000.0,1100000000.0,3534600000.0,300300000.0,0.80204,0.3295,0.2036,0.67,41.3641,41.2207,6.7595,0.05842245232841057
2016-06-30 00:00:00.000000,APC,Q2,36436520000.0,1915000000.0,53000000.0,-692000000.0,3212000000.0,3244000000.0,11281000000.0,-332000000.0,1.38933,0.7083,-0.0564,-1.36,-78.2235,-63.1059,3.4066,-0.061342079602872086
2016-06-30 00:00:00.000000,ADI,Q2,33129787680.0,778766000.0,51226000.0,170573000.0,4627874000.0,684600000.0,4873701000.0,207379000.0,0.35524,0.6112,0.2117,0.55,42.9474,43.6411,3.2458,0.03499865912988918
2016-06-30 00:00:00.000000,ANSS,Q2,13919334640.0,246069000.0,932000.0,69628000.0,1109742000.0,467710000.0,2235860000.0,94155000.0,0.0,0.8629,0.3567,0.79,54.9597,48.3902,6.3339,0.031141484708344887
2016-06-30 00:00:00.000000,AOS,Q2,10583064286.0,667000000.0,148100000.0,87100000.0,1449000000.0,615600000.0,1480700000.0,123700000.0,0.19045,0.4134,0.1737,0.51,38.3941,35.6279,6.9124,0.058823529411764705
2016-06-30 00:00:00.000000,APA,Q2,15792450000.0,1386000000.0,258000000.0,-244000000.0,3292000000.0,1570000000.0,7142000000.0,-173000000.0,1.22081,0.7318,0.1323,-0.65,12.1554,12.345,2.1407,-0.03416409969196304
2016-09-30 00:00:00.000000,MMM,Q3,130105625000.0,7709000000.0,9000000.0,1329000000.0,12179000000.0,6400000000.0,12002000000.0,1904000000.0,1.02991,0.4946,0.2285,2.2,27.459,28.9508,11.5381,0.1107315447425429
2016-09-30 00:00:00.000000,ABBV,Q3,147789600000.0,6432000000.0,18000000.0,1598000000.0,16290000000.0,9103000000.0,6469000000.0,2361000000.0,5.76751,0.7505,0.3399,0.97,28.0606,29.2175,29.1226,0.24702426959344567
2016-09-30 00:00:00.000000,ACN,Q3,94167229797.0,8969044000.0,76000.0,897247000.0,11576011000.0,8161133000.0,7127325000.0,1305943000.0,0.00405,0.299,0.126,1.44,26.7856,23.518,10.3276,0.12588832416088785
2016-09-30 00:00:00.000000,ATVI,Q3,49990200000.0,1568000000.0,0.0,199000000.0,5334000000.0,3701000000.0,8818000000.0,294000000.0,0.72148,0.6436,0.1865,0.27,184.1667,175.8889,5.3673,0.02256747561805398
2016-09-30 00:00:00.000000,AYI,Q3,5296302000.0,851500000.0,500000.0,74000000.0,1154800000.0,584600000.0,1587900000.0,121000000.0,0.22319,0.4174,0.1393,1.7,15.8329,23.6984,3.2456,0.0466024308835569
2016-09-30 00:00:00.000000,ADBE,Q3,110831819640.0,1463967000.0,61000.0,270788000.0,5418710000.0,2505666000.0,7277946000.0,369325000.0,0.26334,0.8659,0.312,0.54,60.064,52.3382,13.0289,0.03720665143709503
2016-09-30 00:00:00.000000,AMD,Q3,9510480000.0,1307000000.0,9000000.0,-406000000.0,2824000000.0,1473000000.0,385000000.0,-293000000.0,4.23896,0.3421,0.0383,-0.5,249.75,257.0,16.9879,-1.0545454545454545
2016-09-30 00:00:00.000000,AAP,Q3,7662260960.0,2248855000.0,8000.0,113844000.0,5262126000.0,3837351000.0,2855721000.0,193768000.0,0.36523,0.4358,0.0608,1.54,16.162,15.4798,2.2516,0.03986523893615658
2016-09-30 00:00:00.000000,AES,Q3,7644137255.0,3542000000.0,8000000.0,175000000.0,7294000000.0,5713000000.0,2882000000.0,569000000.0,7.22797,0.234,0.1561,0.26,-6.6023,-6.1534,3.1163,0.06072172102706454
2016-09-30 00:00:00.000000,A,Q3,21818650000.0,1044000000.0,6000000.0,124000000.0,3530000000.0,1151000000.0,4343000000.0,146000000.0,0.43449,0.5433,0.1893,0.38,114.4915,32.0896,4.825,0.02855169237854018
2016-09-30 00:00:00.000000,APD,Q3,36396503000.0,1914500000.0,249400000.0,346800000.0,3378800000.0,3658900000.0,7045400000.0,394600000.0,0.80672,0.2949,0.1831,1.6,12.8097,10.9898,3.5874,0.04922360689244046
2016-09-30 00:00:00.000000,AKAM,Q3,12232156700.0,584065000.0,1794000.0,76000000.0,1386964000.0,431536000.0,3168931000.0,111765000.0,0.20023,0.6501,0.1263,0.44,56.5873,51.2126,3.7195,0.0239828509992802
2016-09-30 00:00:00.000000,ALK,Q3,8056767290.0,1566000000.0,1000000.0,256000000.0,3600000000.0,2123000000.0,2864000000.0,400000000.0,0.74581,0.6116,0.1588,2.08,7.8311,8.7616,2.1765,0.0893854748603352
2016-09-30 00:00:00.000000,ALB,Q3,10841843500.0,654010000.0,1124000.0,128220000.0,1557703000.0,1076834000.0,3299022000.0,124909000.0,1.04556,0.3613,0.1913,1.14,199.4898,261.0,2.9895,0.03886606394258662
2016-09-30 00:00:00.000000,ALXN,Q3,24142720000.0,799000000.0,23000.0,94000000.0,2594534000.0,1034341000.0,8504103000.0,179000000.0,0.40883,0.8721,0.1767,0.42,54.7107,60.399,2.7269,0.011053487945759829
2016-09-30 00:00:00.000000,ALGN,Q3,19786600950.0,278589000.0,8000.0,51367000.0,911768000.0,343051000.0,972310000.0,62079000.0,0.0,0.7581,0.24,0.64,87.3039,76.8824,17.5754,0.05282985878989211
2016-09-30 00:00:00.000000,ALLE,Q3,8136000000.0,581100000.0,1000000.0,1600000.0,802300000.0,432300000.0,151800000.0,121500000.0,9.70751,0.4446,0.2027,0.02,29.2241,27.7213,20.259,0.010540184453227932
2016-09-30 00:00:00.000000,AGN,Q3,52910638000.0,3622200000.0,0.0,15220000000.0,31723900000.0,8025500000.0,89725900000.0,-266400000.0,0.37431,0.864,-0.3715,38.58,-12.0174,-12.4018,0.7167,0.16962772176149807
2016-09-30 00:00:00.000000,ADS,Q3,11596328000.0,1885600000.0,1100000.0,207500000.0,17601800000.0,7440200000.0,1783800000.0,421000000.0,6.57321,0.3019,0.2163,3.56,14.4658,17.8885,5.8255,0.11632470007848414
2016-09-30 00:00:00.000000,LNT,Q3,9541738000.0,924600000.0,2300000.0,131000000.0,958100000.0,1369700000.0,4059100000.0,162600000.0,1.0764,0.3609,0.1932,0.57,20.8744,21.4121,2.1774,0.032273164001872336
2016-09-30 00:00:00.000000,GOOGL,Q3,742809680365.0,22451000000.0,35337000000.0,5061000000.0,98546000000.0,14323000000.0,134103000000.0,5767000000.0,0.02937,0.5888,0.2359,7.36,59.8511,57.6574,4.9614,0.037739647882597704
2016-09-30 00:00:00.000000,MO,Q3,109731343629.0,6905000000.0,935000000.0,1093000000.0,6403000000.0,6895000000.0,2944000000.0,2382000000.0,4.71399,0.4673,0.3736,0.56,10.7778,13.4482,7.1361,0.37126358695652173
2016-09-30 00:00:00.000000,AMZN,Q3,733195200000.0,32714000000.0,5000000.0,252000000.0,35609000000.0,33498000000.0,17782000000.0,575000000.0,0.46142,0.3707,0.0231,0.53,248.3724,185.0427,27.1772,0.014171634236868744
2016-09-30 00:00:00.000000,AEE,Q3,13651102000.0,1859000000.0,2000000.0,369000000.0,1599000000.0,2291000000.0,7193000000.0,691000000.0,1.06298,0.4583,0.236,1.52,26.2944,27.3102,1.9127,0.051299874878353954
2016-09-30 00:00:00.000000,AAL,Q3,22883091920.0,10594000000.0,5000000.0,737000000.0,11048000000.0,14533000000.0,4391000000.0,1431000000.0,5.3161,0.7372,0.0961,1.4,11.9949,13.273,5.8587,0.16784331587337736
2016-09-30 00:00:00.000000,AEP,Q3,33669631007.0,4652200000.0,3328300000.0,-765800000.0,5949200000.0,7779400000.0,17321900000.0,-1127900000.0,1.2229,0.5816,0.2168,-1.56,17.6443,18.9126,1.8442,-0.04420993078126533
2016-09-30 00:00:00.000000,AMT,Q3,58498088220.0,1514845000.0,4284000.0,264509000.0,1370756000.0,1519553000.0,6707396000.0,479074000.0,2.78486,0.6914,0.2999,0.56,51.1685,53.0372,9.4492,0.039435423225347065
2016-09-30 00:00:00.000000,AWK,Q3,14893260000.0,930000000.0,2000000.0,148000000.0,801000000.0,1928000000.0,5238000000.0,314000000.0,1.30699,0.5895,0.3637,0.83,35.1555,38.2803,2.7812,0.028255059182894234
2016-09-30 00:00:00.000000,ABC,Q3,19620688010.0,36881680000.0,2770000.0,349155000.0,21457255000.0,23997255000.0,1879317000.0,528627000.0,2.34512,0.0297,0.0069,1.62,20.2867,49.5509,6.9037,0.185788241153568
2016-09-30 00:00:00.000000,AME,Q3,17453660490.0,945030000.0,2614000.0,130687000.0,1696890000.0,1216738000.0,3373199000.0,201116000.0,0.63869,0.3369,0.2128,0.56,25.7857,24.4831,4.3639,0.03874274835252827
2016-09-30 00:00:00.000000,AMGN,Q3,125410360000.0,5811000000.0,30691000000.0,2017000000.0,45844000000.0,10542000000.0,30773000000.0,2527000000.0,1.14786,0.8219,0.4365,2.7,63.777,64.1697,4.9957,0.06554447080232671
2016-09-30 00:00:00.000000,APH,Q3,26048697000.0,1635900000.0,300000.0,224300000.0,3405200000.0,1513500000.0,3708000000.0,326300000.0,0.80165,0.3295,0.2036,0.73,41.3641,41.2207,6.7595,0.060490830636461705
2016-09-30 00:00:00.000000,APC,Q3,36436520000.0,1893000000.0,57000000.0,-830000000.0,5918000000.0,3762000000.0,12600000000.0,-793000000.0,1.26016,0.7083,-0.0564,-1.61,-78.2235,-63.1059,3.4066,-0.06587301587301587
2016-09-30 00:00:00.000000,ADI,Q3,33129787680.0,869591000.0,51247000.0,230430000.0,4727888000.0,678693000.0,4983333000.0,268707000.0,0.34751,0.6112,0.2117,0.75,42.9474,43.6411,3.2458,0.04624013687224996
2016-09-30 00:00:00.000000,ANSS,Q3,13919334640.0,245862000.0,932000.0,69557000.0,1100151000.0,454437000.0,2229765000.0,100099000.0,0.0,0.8629,0.3567,0.8,54.9597,48.3902,6.3339,0.03119476716156187
2016-09-30 00:00:00.000000,AOS,Q3,10583064286.0,683900000.0,296200000.0,83200000.0,1507600000.0,682100000.0,1525600000.0,118600000.0,0.22037,0.4134,0.1737,0.48,38.3941,35.6279,6.9124,0.054535920293654956
2016-09-30 00:00:00.000000,APA,Q3,15792450000.0,1439000000.0,258000000.0,-607000000.0,3272000000.0,1628000000.0,6469000000.0,-802000000.0,1.34812,0.7318,0.1323,-1.6,12.1554,12.345,2.1407,-0.09383212243005101
2016-12-31 00:00:00.000000,MMM,Q4,130105625000.0,7329000000.0,9000000.0,1155000000.0,11726000000.0,6219000000.0,10298000000.0,1594000000.0,1.13129,0.4946,0.2285,1.92,27.459,28.9508,11.5381,0.11215770052437367
2016-12-31 00:00:00.000000,ABBV,Q4,147789600000.0,6796000000.0,18000000.0,1391000000.0,16187000000.0,9781000000.0,4636000000.0,2358000000.0,7.94694,0.7505,0.3399,0.86,28.0606,29.2175,29.1226,0.3000431406384815
2016-12-31 00:00:00.000000,ACN,Q4,94167229797.0,8965580000.0,72000.0,1069226000.0,11976222000.0,8878924000.0,7555262000.0,1195198000.0,0.0036,0.299,0.126,1.72,26.7856,23.518,10.3276,0.1415207043779554
2016-12-31 00:00:00.000000,ATVI,Q4,49990200000.0,2014000000.0,0.0,253000000.0,4830000000.0,2656000000.0,9119000000.0,425000000.0,0.53591,0.6436,0.1865,0.34,184.1667,175.8889,5.3673,0.027744270205066344
2016-12-31 00:00:00.000000,AYI,Q4,5296302000.0,925400000.0,500000.0,82900000.0,1322900000.0,672500000.0,1659800000.0,135100000.0,0.214,0.4174,0.1393,1.89,15.8329,23.6984,3.2456,0.04994577659959031
2016-12-31 00:00:00.000000,ADBE,Q4,110831819640.0,1608419000.0,61000.0,399613000.0,5839774000.0,2811635000.0,7424835000.0,472280000.0,0.25485,0.8659,0.312,0.81,60.064,52.3382,13.0289,0.05382112868501455
2016-12-31 00:00:00.000000,AMD,Q4,9510480000.0,1106000000.0,9000000.0,-51000000.0,2530000000.0,1346000000.0,416000000.0,-3000000.0,3.44952,0.3421,0.0383,-0.04,249.75,257.0,16.9879,-0.12259615384615384
2016-12-31 00:00:00.000000,AAP,Q4,7662260960.0,2082891000.0,8000.0,62365000.0,5172764000.0,3676046000.0,2916192000.0,106147000.0,0.35764,0.4358,0.0608,0.84,16.162,15.4798,2.2516,0.0213857660949622
2016-12-31 00:00:00.000000,AES,Q4,7644137255.0,239000000.0,8000000.0,-949000000.0,6416000000.0,5277000000.0,2794000000.0,-73000000.0,6.96278,0.234,0.1561,-1.44,-6.6023,-6.1534,3.1163,-0.33965640658554047
2016-12-31 00:00:00.000000,A,Q4,21818650000.0,1111000000.0,6000000.0,126000000.0,3635000000.0,945000000.0,4243000000.0,183000000.0,0.44874,0.5433,0.1893,0.39,114.4915,32.0896,4.825,0.029695969832665568
2016-12-31 00:00:00.000000,APD,Q4,36396503000.0,1945500000.0,249400000.0,394000000.0,4317300000.0,3283100000.0,7079600000.0,391000000.0,0.73604,0.2949,0.1831,1.82,12.8097,10.9898,3.5874,0.05565286174360133
2016-12-31 00:00:00.000000,AKAM,Q4,12232156700.0,616124000.0,1733000.0,91639000.0,1309917000.0,374588000.0,3224370000.0,123530000.0,0.19852,0.6501,0.1263,0.53,56.5873,51.2126,3.7195,0.028420745758086077
2016-12-31 00:00:00.000000,ALK,Q4,8056767290.0,1524000000.0,1000000.0,114000000.0,2050000000.0,2535000000.0,2931000000.0,241000000.0,1.01126,0.6116,0.1588,0.93,7.8311,8.7616,2.1765,0.038894575230296824
2016-12-31 00:00:00.000000,ALB,Q4,10841843500.0,696655000.0,1125000.0,602090000.0,3306618000.0,1140103000.0,3795062000.0,83352000.0,0.6243,0.3613,0.1913,5.36,199.4898,261.0,2.9895,0.15865089951099612
2016-12-31 00:00:00.000000,ALXN,Q4,24142720000.0,831000000.0,0.0,93000000.0,2578200000.0,822900000.0,8693800000.0,127000000.0,0.37819,0.8721,0.1767,0.41,54.7107,60.399,2.7269,0.01069727852032483
2016-12-31 00:00:00.000000,ALGN,Q4,19786600950.0,293203000.0,8000.0,47621000.0,952978000.0,354335000.0,995389000.0,68372000.0,0.0,0.7581,0.24,0.6,87.3039,76.8824,17.5754,0.04784159760656387
2016-12-31 00:00:00.000000,ALLE,Q4,8136000000.0,569700000.0,1000000.0,74800000.0,829300000.0,429600000.0,113300000.0,97200000.0,12.91968,0.4446,0.2027,0.78,29.2241,27.7213,20.259,0.6601941747572816
2016-12-31 00:00:00.000000,AGN,Q4,52910638000.0,3864300000.0,0.0,-600000.0,17857900000.0,7874700000.0,76192700000.0,-900000000.0,0.44171,0.864,-0.3715,0.74,-12.0174,-12.4018,0.7167,-7.874770155146096e-06
2016-12-31 00:00:00.000000,ADS,Q4,11596328000.0,1827600000.0,1100000.0,10600000.0,19589300000.0,9229500000.0,1658200000.0,179700000.0,7.57255,0.3019,0.2163,0.22,14.4658,17.8885,5.8255,0.006392473766735014
2016-12-31 00:00:00.000000,LNT,Q4,9541738000.0,797000000.0,2300000.0,65200000.0,877100000.0,1162000000.0,4062000000.0,99900000.0,1.12366,0.3609,0.1932,0.28,20.8744,21.4121,2.1774,0.01605120630231413
2016-12-31 00:00:00.000000,GOOGL,Q4,742809680365.0,26064000000.0,36307000000.0,5333000000.0,105408000000.0,16756000000.0,139036000000.0,6639000000.0,0.0283,0.5888,0.2359,7.73,59.8511,57.6574,4.9614,0.038356972294945196
2016-12-31 00:00:00.000000,MO,Q4,109731343629.0,6252000000.0,935000000.0,10276000000.0,7260000000.0,7375000000.0,12770000000.0,1993000000.0,1.087,0.4673,0.3736,5.26,10.7778,13.4482,7.1361,0.8046985121378231
2016-12-31 00:00:00.000000,AMZN,Q4,733195200000.0,43741000000.0,5000000.0,749000000.0,45781000000.0,43816000000.0,19285000000.0,1255000000.0,0.39896,0.3707,0.0231,1.58,248.3724,185.0427,27.1772,0.038838475499092556
2016-12-31 00:00:00.000000,AEE,Q4,13651102000.0,1356000000.0,2000000.0,38000000.0,1593000000.0,2674000000.0,7103000000.0,145000000.0,1.10291,0.4583,0.236,0.13,26.2944,27.3102,1.9127,0.005349852175137266
2016-12-31 00:00:00.000000,AAL,Q4,22883091920.0,9789000000.0,5000000.0,289000000.0,10324000000.0,13872000000.0,3785000000.0,767000000.0,6.4317,0.7372,0.0961,0.62,11.9949,13.273,5.8587,0.07635402906208719
2016-12-31 00:00:00.000000,AEP,Q4,33669631007.0,3790100000.0,3328300000.0,373400000.0,6033900000.0,9498000000.0,17397000000.0,575900000.0,1.26283,0.5816,0.2168,0.76,17.6443,18.9126,1.8442,0.02146347071334138
2016-12-31 00:00:00.000000,AMT,Q4,58498088220.0,1539600000.0,4300000.0,229200000.0,1689900000.0,1631300000.0,6763900000.0,489300000.0,2.74006,0.6914,0.2999,0.48,51.1685,53.0372,9.4492,0.033885775957657564
2016-12-31 00:00:00.000000,AWK,Q4,14893260000.0,802000000.0,2000000.0,101000000.0,784000000.0,2392000000.0,5218000000.0,246000000.0,1.37447,0.5895,0.3637,0.57,35.1555,38.2803,2.7812,0.0193560751245688
2016-12-31 00:00:00.000000,ABC,Q4,19620688010.0,37560603000.0,2778000.0,145685000.0,22851847000.0,25280369000.0,2129404000.0,224801000.0,2.09575,0.0297,0.0069,0.62,20.2867,49.5509,6.9037,0.06841585720699313
2016-12-31 00:00:00.000000,AME,Q4,17453660490.0,972953000.0,2615000.0,109108000.0,1928190000.0,924441000.0,3256513000.0,173222000.0,0.71904,0.3369,0.2128,0.47,25.7857,24.4831,4.3639,0.033504549191113314
2016-12-31 00:00:00.000000,AMGN,Q4,125410360000.0,5965000000.0,30784000000.0,1935000000.0,46010000000.0,11204000000.0,29875000000.0,2485000000.0,1.15803,0.8219,0.4365,2.62,63.777,64.1697,4.9957,0.06476987447698745
2016-12-31 00:00:00.000000,APH,Q4,26048697000.0,1651100000.0,300000.0,235400000.0,3591200000.0,1635200000.0,3674900000.0,339100000.0,0.81926,0.3295,0.2036,0.76,41.3641,41.2207,6.7595,0.06405616479359982
2016-12-31 00:00:00.000000,APC,Q4,36436520000.0,2387000000.0,57000000.0,-515000000.0,5266000000.0,3328000000.0,12212000000.0,-610000000.0,1.25475,0.7083,-0.0564,-0.9,-78.2235,-63.1059,3.4066,-0.04217163445791025
2016-12-31 00:00:00.000000,ADI,Q4,33129787680.0,1003623000.0,51363000.0,296157000.0,4974863000.0,782934000.0,5165618000.0,356981000.0,0.33533,0.6112,0.2117,0.96,42.9474,43.6411,3.2458,0.05733234629428657
2016-12-31 00:00:00.000000,ANSS,Q4,13919334640.0,270628000.0,932000.0,69983000.0,1169401000.0,539100000.0,2208405000.0,96966000.0,0.0,0.8629,0.3567,0.82,54.9597,48.3902,6.3339,0.031689386684054785
2016-12-31 00:00:00.000000,AOS,Q4,10583064286.0,698100000.0,296000000.0,82700000.0,1562000000.0,765600000.0,1515300000.0,114800000.0,0.21356,0.4134,0.1737,0.48,38.3941,35.6279,6.9124,0.05457665148815416
2016-12-31 00:00:00.000000,APA,Q4,15792450000.0,1455000000.0,258000000.0,-182000000.0,3241000000.0,1843000000.0,6238000000.0,-4000000.0,1.36967,0.7318,0.1323,-0.49,12.1554,12.345,2.1407,-0.029176017954472586
2017-03-31 00:00:00.000000,MMM,Q1,130105625000.0,7685000000.0,9000000.0,1323000000.0,11901000000.0,5995000000.0,10989000000.0,1774000000.0,1.0657,0.4946,0.2285,2.21,27.459,28.9508,11.5381,0.12039312039312039
2017-03-31 00:00:00.000000,ABBV,Q1,147789600000.0,6538000000.0,18000000.0,1711000000.0,15547000000.0,8844000000.0,4998000000.0,2419000000.0,7.39316,0.7505,0.3399,1.07,28.0606,29.2175,29.1226,0.3423369347739096
2017-03-31 00:00:00.000000,ACN,Q1,94167229797.0,9005603000.0,72000.0,1004476000.0,11368406000.0,9170082000.0,7417093000.0,1331959000.0,0.00369,0.299,0.126,1.62,26.7856,23.518,10.3276,0.13542718151167848
2017-03-31 00:00:00.000000,ATVI,Q1,49990200000.0,1726000000.0,0.0,426000000.0,4356000000.0,2239000000.0,9436000000.0,493000000.0,0.46556,0.6436,0.1865,0.57,184.1667,175.8889,5.3673,0.04514624841034336
2017-03-31 00:00:00.000000,AYI,Q1,5296302000.0,851200000.0,500000.0,81700000.0,1356200000.0,609800000.0,1730100000.0,126600000.0,0.20577,0.4174,0.1393,1.87,15.8329,23.6984,3.2456,0.04722270388994856
2017-03-31 00:00:00.000000,ADBE,Q1,110831819640.0,1681646000.0,61000.0,398446000.0,5755562000.0,2954069000.0,7588690000.0,468999000.0,0.24827,0.8659,0.312,0.81,60.064,52.3382,13.0289,0.05250524135259182
2017-03-31 00:00:00.000000,AMD,Q1,9510480000.0,984000000.0,9000000.0,-73000000.0,2498000000.0,1372000000.0,409000000.0,-29000000.0,3.44254,0.3421,0.0383,-0.08,249.75,257.0,16.9879,-0.1784841075794621
2017-03-31 00:00:00.000000,AAP,Q1,7662260960.0,2890838000.0,8000.0,107960000.0,5306693000.0,3659631000.0,3023675000.0,179780000.0,0.35499,0.4358,0.0608,1.46,16.162,15.4798,2.2516,0.035704895532754015
2017-03-31 00:00:00.000000,AES,Q1,7644137255.0,3492000000.0,8000000.0,-24000000.0,6401000000.0,5243000000.0,2991000000.0,371000000.0,6.7984,0.234,0.1561,-0.04,-6.6023,-6.1534,3.1163,-0.00802407221664995
2017-03-31 00:00:00.000000,A,Q1,21818650000.0,1067000000.0,3000000.0,168000000.0,3635000000.0,1089000000.0,4297000000.0,206000000.0,0.46358,0.5433,0.1893,0.52,114.4915,32.0896,4.825,0.03909704444961601
2017-03-31 00:00:00.000000,APD,Q1,36396503000.0,1882500000.0,249400000.0,299800000.0,3548800000.0,2929800000.0,7161500000.0,328300000.0,0.603,0.2949,0.1831,1.38,12.8097,10.9898,3.5874,0.041862738253159254
2017-03-31 00:00:00.000000,AKAM,Q1,12232156700.0,609237000.0,1743000.0,80930000.0,1398461000.0,381876000.0,3258546000.0,115228000.0,0.19816,0.6501,0.1263,0.47,56.5873,51.2126,3.7195,0.02483623063783663
2017-03-31 00:00:00.000000,ALK,Q1,8056767290.0,1749000000.0,1000000.0,99000000.0,2213000000.0,2835000000.0,3014000000.0,166000000.0,0.9499,0.6116,0.1588,0.8,7.8311,8.7616,2.1765,0.032846715328467155
2017-03-31 00:00:00.000000,ALB,Q1,10841843500.0,722063000.0,1108000.0,51213000.0,2390254000.0,1207947000.0,3637669000.0,122764000.0,0.47087,0.3613,0.1913,0.46,199.4898,261.0,2.9895,0.01407852116286556
2017-03-31 00:00:00.000000,ALXN,Q1,24142720000.0,870000000.0,0.0,170000000.0,2733000000.0,837000000.0,8856000000.0,212000000.0,0.37071,0.8721,0.1767,0.76,54.7107,60.399,2.7269,0.01919602529358627
2017-03-31 00:00:00.000000,ALGN,Q1,19786600950.0,310341000.0,8000.0,69420000.0,918167000.0,365554000.0,1044875000.0,61673000.0,0.0,0.7581,0.24,0.87,87.3039,76.8824,17.5754,0.06643856920684292
2017-03-31 00:00:00.000000,ALLE,Q1,8136000000.0,548800000.0,1000000.0,68400000.0,742200000.0,398500000.0,151400000.0,98800000.0,9.58983,0.4446,0.2027,0.72,29.2241,27.7213,20.259,0.45178335535006603
2017-03-31 00:00:00.000000,AGN,Q1,52910638000.0,3572900000.0,0.0,-2565200000.0,13700700000.0,10391600000.0,75188400000.0,-906000000.0,0.43443,0.864,-0.3715,-7.86,-12.0174,-12.4018,0.7167,-0.03411696485096105
2017-03-31 00:00:00.000000,ADS,Q1,11596328000.0,1879000000.0,1100000.0,146400000.0,18783000000.0,9004400000.0,1363500000.0,352400000.0,9.14221,0.3019,0.2163,2.6,14.4658,17.8885,5.8255,0.10737073707370737
2017-03-31 00:00:00.000000,LNT,Q1,9541738000.0,853900000.0,2300000.0,103000000.0,749800000.0,1165000000.0,4096900000.0,142900000.0,1.12854,0.3609,0.1932,0.44,20.8744,21.4121,2.1774,0.025140960238228906
2017-03-31 00:00:00.000000,GOOGL,Q1,742809680365.0,24750000000.0,37698000000.0,5426000000.0,108794000000.0,15256000000.0,144949000000.0,6568000000.0,0.02716,0.5888,0.2359,7.85,59.8511,57.6574,4.9614,0.037433856045919596
2017-03-31 00:00:00.000000,MO,Q1,109731343629.0,6083000000.0,935000000.0,1401000000.0,7626000000.0,8300000000.0,12260000000.0,2247000000.0,1.13246,0.4673,0.3736,0.72,10.7778,13.4482,7.1361,0.11427406199021208
2017-03-31 00:00:00.000000,AMZN,Q1,733195200000.0,35714000000.0,5000000.0,724000000.0,39460000000.0,37399000000.0,21674000000.0,1005000000.0,0.35485,0.3707,0.0231,1.52,248.3724,185.0427,27.1772,0.033404078619544156
2017-03-31 00:00:00.000000,AEE,Q1,13651102000.0,1514000000.0,2000000.0,102000000.0,1450000000.0,2762000000.0,7064000000.0,254000000.0,1.15968,0.4583,0.236,0.42,26.2944,27.3102,1.9127,0.014439411098527746
2017-03-31 00:00:00.000000,AAL,Q1,22883091920.0,9624000000.0,5000000.0,234000000.0,10626000000.0,15286000000.0,3457000000.0,601000000.0,7.09951,0.7372,0.0961,0.46,11.9949,13.273,5.8587,0.06768874746890367
2017-03-31 00:00:00.000000,AEP,Q1,33669631007.0,3933300000.0,3328300000.0,592200000.0,3616400000.0,7914500000.0,17687100000.0,870600000.0,1.17444,0.5816,0.2168,1.2,17.6443,18.9126,1.8442,0.03348202927557372
2017-03-31 00:00:00.000000,AMT,Q1,58498088220.0,1616238000.0,4309000.0,316080000.0,1711187000.0,3209058000.0,6852474000.0,531379000.0,2.75668,0.6914,0.2999,0.68,51.1685,53.0372,9.4492,0.04612640631690102
2017-03-31 00:00:00.000000,AWK,Q1,14893260000.0,756000000.0,2000000.0,93000000.0,767000000.0,2418000000.0,5287000000.0,227000000.0,1.38037,0.5895,0.3637,0.52,35.1555,38.2803,2.7812,0.01759031586911292
2017-03-31 00:00:00.000000,ABC,Q1,19620688010.0,38169265000.0,2783000.0,247246000.0,23078756000.0,25542758000.0,2116557000.0,399987000.0,2.11644,0.0297,0.0069,1.13,20.2867,49.5509,6.9037,0.11681518617263792
2017-03-31 00:00:00.000000,AME,Q1,17453660490.0,1007682000.0,2622000.0,138926000.0,1787443000.0,1016798000.0,3404235000.0,220298000.0,0.70927,0.3369,0.2128,0.61,25.7857,24.4831,4.3639,0.04080975608323162
2017-03-31 00:00:00.000000,AMGN,Q1,125410360000.0,5464000000.0,30766000000.0,2071000000.0,46456000000.0,10523000000.0,30637000000.0,2591000000.0,1.11277,0.8219,0.4365,2.81,63.777,64.1697,4.9957,0.0675980024153801
2017-03-31 00:00:00.000000,APH,Q1,26048697000.0,1560100000.0,300000.0,224900000.0,3722400000.0,1583300000.0,3704200000.0,314100000.0,0.87393,0.3295,0.2036,0.73,41.3641,41.2207,6.7595,0.0607148642081961
2017-03-31 00:00:00.000000,APC,Q1,36436520000.0,3767000000.0,57000000.0,-318000000.0,7707000000.0,3762000000.0,11856000000.0,-110000000.0,1.29268,0.7083,-0.0564,-0.58,-78.2235,-63.1059,3.4066,-0.026821862348178137
2017-03-31 00:00:00.000000,ADI,Q1,33129787680.0,984449000.0,51535000.0,217129000.0,7233733000.0,811626000.0,5306431000.0,266268000.0,0.71713,0.6112,0.2117,0.7,42.9474,43.6411,3.2458,0.040918085997914605
2017-03-31 00:00:00.000000,ANSS,Q1,13919334640.0,253405000.0,932000.0,63306000.0,1182069000.0,528726000.0,2211445000.0,85472000.0,0.0,0.8629,0.3567,0.74,54.9597,48.3902,6.3339,0.02862653152124516
2017-03-31 00:00:00.000000,AOS,Q1,10583064286.0,740000000.0,295800000.0,87700000.0,1605500000.0,720500000.0,1566400000.0,120200000.0,0.23583,0.4134,0.1737,0.51,38.3941,35.6279,6.9124,0.05598825331971399
2017-03-31 00:00:00.000000,APA,Q1,15792450000.0,1512000000.0,258000000.0,213000000.0,3426000000.0,1898000000.0,6385000000.0,272000000.0,1.30415,0.7318,0.1323,0.56,12.1554,12.345,2.1407,0.033359436178543464
2017-06-30 00:00:00.000000,MMM,Q2,130105625000.0,7810000000.0,9000000.0,1583000000.0,12641000000.0,5697000000.0,11591000000.0,1723000000.0,0.97498,0.4946,0.2285,2.65,27.459,28.9508,11.5381,0.1365714778707618
2017-06-30 00:00:00.000000,ABBV,Q2,147789600000.0,6944000000.0,18000000.0,1915000000.0,16962000000.0,12259000000.0,6009000000.0,2674000000.0,6.19687,0.7505,0.3399,1.2,28.0606,29.2175,29.1226,0.3186886337160925
2017-06-30 00:00:00.000000,ACN,Q2,94167229797.0,8762182000.0,72000.0,838752000.0,10764002000.0,8352773000.0,7964245000.0,1138653000.0,0.00345,0.299,0.126,1.35,26.7856,23.518,10.3276,0.10531469084640163
2017-06-30 00:00:00.000000,ATVI,Q2,49990200000.0,1631000000.0,0.0,243000000.0,4352000000.0,1765000000.0,9715000000.0,339000000.0,0.45157,0.6436,0.1865,0.32,184.1667,175.8889,5.3673,0.025012866700977868
2017-06-30 00:00:00.000000,AYI,Q2,5296302000.0,804700000.0,500000.0,67300000.0,1363900000.0,546800000.0,1804800000.0,108000000.0,0.19731,0.4174,0.1393,1.54,15.8329,23.6984,3.2456,0.037289450354609927
2017-06-30 00:00:00.000000,ADBE,Q2,110831819640.0,1772190000.0,61000.0,374390000.0,6052197000.0,3047896000.0,7803998000.0,504082000.0,0.24198,0.8659,0.312,0.76,60.064,52.3382,13.0289,0.047974128132785274
2017-06-30 00:00:00.000000,AMD,Q2,9510480000.0,1222000000.0,9000000.0,-16000000.0,2511000000.0,1449000000.0,417000000.0,25000000.0,3.39808,0.3421,0.0383,-0.02,249.75,257.0,16.9879,-0.03836930455635491
2017-06-30 00:00:00.000000,AAP,Q2,7662260960.0,2263727000.0,8000.0,87049000.0,5326215000.0,3598327000.0,3128277000.0,146711000.0,0.33363,0.4358,0.0608,1.18,16.162,15.4798,2.2516,0.027826500019020053
2017-06-30 00:00:00.000000,AES,Q2,7644137255.0,3470000000.0,8000000.0,53000000.0,6318000000.0,6411000000.0,3021000000.0,531000000.0,6.87421,0.234,0.1561,0.08,-6.6023,-6.1534,3.1163,0.017543859649122806
2017-06-30 00:00:00.000000,A,Q2,21818650000.0,1102000000.0,3000000.0,164000000.0,3800000000.0,1187000000.0,4372000000.0,201000000.0,0.46729,0.5433,0.1893,0.51,114.4915,32.0896,4.825,0.03751143641354071
2017-06-30 00:00:00.000000,APD,Q2,36396503000.0,1980100000.0,249400000.0,2130000000.0,5294100000.0,2602300000.0,9317400000.0,391200000.0,0.41248,0.2949,0.1831,9.78,12.8097,10.9898,3.5874,0.2286045463326679
2017-06-30 00:00:00.000000,AKAM,Q2,12232156700.0,608908000.0,1751000.0,57772000.0,1238357000.0,399064000.0,3287172000.0,87211000.0,0.19816,0.6501,0.1263,0.33,56.5873,51.2126,3.7195,0.01757498542820394
2017-06-30 00:00:00.000000,ALK,Q2,8056767290.0,2102000000.0,1000000.0,296000000.0,2425000000.0,2974000000.0,3264000000.0,493000000.0,0.85968,0.6116,0.1588,2.4,7.8311,8.7616,2.1765,0.09068627450980392
2017-06-30 00:00:00.000000,ALB,Q2,10841843500.0,737258000.0,1104000.0,103333000.0,2204448000.0,983662000.0,3760830000.0,139071000.0,0.45963,0.3613,0.1913,0.93,199.4898,261.0,2.9895,0.02747611564468482
2017-06-30 00:00:00.000000,ALXN,Q2,24142720000.0,912000000.0,0.0,165000000.0,2789000000.0,856000000.0,8875000000.0,226000000.0,0.36597,0.8721,0.1767,0.74,54.7107,60.399,2.7269,0.018591549295774647
2017-06-30 00:00:00.000000,ALGN,Q2,19786600950.0,356482000.0,8000.0,69179000.0,1003222000.0,424796000.0,1078288000.0,83569000.0,0.0,0.7581,0.24,0.86,87.3039,76.8824,17.5754,0.06415632929235975
2017-06-30 00:00:00.000000,ALLE,Q2,8136000000.0,627000000.0,900000.0,105500000.0,839200000.0,436800000.0,265300000.0,134100000.0,5.43159,0.4446,0.2027,1.11,29.2241,27.7213,20.259,0.3976630229928383
2017-06-30 00:00:00.000000,AGN,Q2,52910638000.0,4007400000.0,0.0,-725900000.0,10433200000.0,8638300000.0,75220400000.0,-902400000.0,0.41391,0.864,-0.3715,-2.37,-12.0174,-12.4018,0.7167,-0.009650307629313324
2017-06-30 00:00:00.000000,ADS,Q2,11596328000.0,1821800000.0,1100000.0,137700000.0,19839100000.0,8804600000.0,1424800000.0,351400000.0,9.11307,0.3019,0.2163,2.48,14.4658,17.8885,5.8255,0.09664514317798989
2017-06-30 00:00:00.000000,LNT,Q2,9541738000.0,765300000.0,2300000.0,96800000.0,814700000.0,1208200000.0,4250400000.0,149300000.0,1.11239,0.3609,0.1932,0.41,20.8744,21.4121,2.1774,0.022774327122153208
2017-06-30 00:00:00.000000,GOOGL,Q2,742809680365.0,26010000000.0,38509000000.0,3524000000.0,112386000000.0,18685000000.0,148286000000.0,4132000000.0,0.02667,0.5888,0.2359,5.09,59.8511,57.6574,4.9614,0.023764886772857857
2017-06-30 00:00:00.000000,MO,Q2,109731343629.0,6663000000.0,935000000.0,1989000000.0,4611000000.0,5582000000.0,12418000000.0,2539000000.0,1.1183,0.4673,0.3736,1.03,10.7778,13.4482,7.1361,0.16017071992269286
2017-06-30 00:00:00.000000,AMZN,Q2,733195200000.0,37955000000.0,5000000.0,197000000.0,41007000000.0,40520000000.0,23214000000.0,628000000.0,0.33096,0.3707,0.0231,0.41,248.3724,185.0427,27.1772,0.008486258292409753
2017-06-30 00:00:00.000000,AEE,Q2,13651102000.0,1538000000.0,2000000.0,193000000.0,1571000000.0,2765000000.0,7158000000.0,398000000.0,1.15828,0.4583,0.236,0.79,26.2944,27.3102,1.9127,0.02696283878178262
2017-06-30 00:00:00.000000,AAL,Q2,22883091920.0,11105000000.0,5000000.0,803000000.0,11016000000.0,16112000000.0,3715000000.0,1535000000.0,6.69152,0.7372,0.0961,1.64,11.9949,13.273,5.8587,0.2161507402422611
2017-06-30 00:00:00.000000,AEP,Q2,33669631007.0,3576500000.0,3328300000.0,375000000.0,3809000000.0,8392200000.0,17824100000.0,744800000.0,1.20082,0.5816,0.2168,0.76,17.6443,18.9126,1.8442,0.021038930436880404
2017-06-30 00:00:00.000000,AMT,Q2,58498088220.0,1662434000.0,4372000.0,367051000.0,1802759000.0,3278911000.0,6482709000.0,576909000.0,2.9682,0.6914,0.2999,0.81,51.1685,53.0372,9.4492,0.056620002532891726
2017-06-30 00:00:00.000000,AWK,Q2,14893260000.0,844000000.0,2000000.0,131000000.0,808000000.0,2661000000.0,5384000000.0,306000000.0,1.38429,0.5895,0.3637,0.74,35.1555,38.2803,2.7812,0.024331352154531947
2017-06-30 00:00:00.000000,ABC,Q2,19620688010.0,37147402000.0,2796000.0,411473000.0,23493921000.0,25531426000.0,2529292000.0,624981000.0,1.76154,0.0297,0.0069,1.89,20.2867,49.5509,6.9037,0.16268307494745565
2017-06-30 00:00:00.000000,AME,Q2,17453660490.0,1064604000.0,2626000.0,150481000.0,1789273000.0,995146000.0,3592196000.0,232385000.0,0.6685,0.3369,0.2128,0.65,25.7857,24.4831,4.3639,0.041891088348185904
2017-06-30 00:00:00.000000,AMGN,Q2,125410360000.0,5810000000.0,30793000000.0,2151000000.0,48442000000.0,7815000000.0,31722000000.0,2698000000.0,1.10529,0.8219,0.4365,2.93,63.777,64.1697,4.9957,0.06780783052770947
2017-06-30 00:00:00.000000,APH,Q2,26048697000.0,1666500000.0,300000.0,251500000.0,3992400000.0,1713900000.0,3874900000.0,336200000.0,0.87656,0.3295,0.2036,0.82,41.3641,41.2207,6.7595,0.06490490077163281
2017-06-30 00:00:00.000000,APC,Q2,36436520000.0,2716000000.0,57000000.0,-415000000.0,7984000000.0,3154000000.0,11472000000.0,-125000000.0,1.34937,0.7083,-0.0564,-0.76,-78.2235,-63.1059,3.4066,-0.03617503486750349
2017-06-30 00:00:00.000000,ADI,Q2,33129787680.0,1147982000.0,61170000.0,93564000.0,7535467000.0,5449282000.0,9966595000.0,145835000.0,1.29367,0.6112,0.2117,0.27,42.9474,43.6411,3.2458,0.00938775981165082
2017-06-30 00:00:00.000000,ANSS,Q2,13919334640.0,263924000.0,932000.0,69730000.0,1145680000.0,514787000.0,2189415000.0,98394000.0,0.0,0.8629,0.3567,0.82,54.9597,48.3902,6.3339,0.031848690175229455
2017-06-30 00:00:00.000000,AOS,Q2,10583064286.0,738200000.0,295700000.0,92400000.0,1640300000.0,705800000.0,1613700000.0,128600000.0,0.23245,0.4134,0.1737,0.53,38.3941,35.6279,6.9124,0.05725971370143149
2017-06-30 00:00:00.000000,APA,Q2,15792450000.0,1346000000.0,259000000.0,572000000.0,4647000000.0,2873000000.0,6899000000.0,70000000.0,1.20728,0.7318,0.1323,1.5,12.1554,12.345,2.1407,0.08291056674880418
2017-09-30 00:00:00.000000,MMM,Q3,130105625000.0,8172000000.0,9000000.0,1429000000.0,13656000000.0,6598000000.0,12146000000.0,2041000000.0,0.96023,0.4946,0.2285,2.39,27.459,28.9508,11.5381,0.11765190186069488
2017-09-30 00:00:00.000000,ABBV,Q3,147789600000.0,6995000000.0,18000000.0,1631000000.0,18930000000.0,13033000000.0,6687000000.0,2705000000.0,5.65201,0.7505,0.3399,1.02,28.0606,29.2175,29.1226,0.24390608643636907
2017-09-30 00:00:00.000000,ACN,Q3,94167229797.0,9356787000.0,72000.0,669468000.0,11205735000.0,9154325000.0,8167356000.0,865435000.0,0.00339,0.299,0.126,1.08,26.7856,23.518,10.3276,0.08196875463736367
2017-09-30 00:00:00.000000,ATVI,Q3,49990200000.0,1618000000.0,0.0,188000000.0,5386000000.0,2389000000.0,9967000000.0,257000000.0,0.44025,0.6436,0.1865,0.25,184.1667,175.8889,5.3673,0.018862245409852513
2017-09-30 00:00:00.000000,AYI,Q3,5296302000.0,891600000.0,500000.0,82200000.0,1094100000.0,544300000.0,1535200000.0,131500000.0,0.23235,0.4174,0.1393,1.91,15.8329,23.6984,3.2456,0.05354351224596144
2017-09-30 00:00:00.000000,ADBE,Q3,110831819640.0,1841074000.0,61000.0,419569000.0,6581057000.0,3216144000.0,8170434000.0,545674000.0,0.23123,0.8659,0.312,0.85,60.064,52.3382,13.0289,0.051352106877064305
2017-09-30 00:00:00.000000,AMD,Q3,9510480000.0,1643000000.0,10000000.0,71000000.0,2699000000.0,1591000000.0,520000000.0,126000000.0,2.74231,0.3421,0.0383,0.07,249.75,257.0,16.9879,0.13653846153846153
2017-09-30 00:00:00.000000,AAP,Q3,7662260960.0,2182233000.0,8000.0,95996000.0,5367952000.0,3537409000.0,3230787000.0,156569000.0,0.32314,0.4358,0.0608,1.3,16.162,15.4798,2.2516,0.02971288419818453
2017-09-30 00:00:00.000000,AES,Q3,7644137255.0,3632000000.0,8000000.0,152000000.0,6660000000.0,6736000000.0,3186000000.0,657000000.0,6.91557,0.234,0.1561,0.23,-6.6023,-6.1534,3.1163,0.04770872567482737
2017-09-30 00:00:00.000000,A,Q3,21818650000.0,1114000000.0,3000000.0,175000000.0,3996000000.0,1241000000.0,4608000000.0,201000000.0,0.45161,0.5433,0.1893,0.55,114.4915,32.0896,4.825,0.03797743055555555
2017-09-30 00:00:00.000000,APD,Q3,36396503000.0,2121900000.0,249400000.0,101900000.0,5347000000.0,2433200000.0,9412400000.0,252600000.0,0.41711,0.2949,0.1831,0.47,12.8097,10.9898,3.5874,0.01082614423526412
2017-09-30 00:00:00.000000,AKAM,Q3,12232156700.0,621399000.0,1755000.0,60512000.0,1295783000.0,430306000.0,3272655000.0,85877000.0,0.20079,0.6501,0.1263,0.35,56.5873,51.2126,3.7195,0.01849018610272088
2017-09-30 00:00:00.000000,ALK,Q3,8056767290.0,2120000000.0,1000000.0,266000000.0,2214000000.0,2765000000.0,3491000000.0,439000000.0,0.7737,0.6116,0.1588,2.15,7.8311,8.7616,2.1765,0.07619593239759381
2017-09-30 00:00:00.000000,ALB,Q3,10841843500.0,754866000.0,1105000.0,118670000.0,2327324000.0,1103017000.0,3898819000.0,148444000.0,0.45899,0.3613,0.1913,1.07,199.4898,261.0,2.9895,0.03043742220400588
2017-09-30 00:00:00.000000,ALXN,Q3,24142720000.0,859000000.0,0.0,78000000.0,2882000000.0,972000000.0,8944000000.0,80000000.0,0.36483,0.8721,0.1767,0.35,54.7107,60.399,2.7269,0.00872093023255814
2017-09-30 00:00:00.000000,ALGN,Q3,19786600950.0,385267000.0,8000.0,82555000.0,1101003000.0,461369000.0,1181958000.0,98763000.0,0.0,0.7581,0.24,1.03,87.3039,76.8824,17.5754,0.06984596745400429
2017-09-30 00:00:00.000000,ALLE,Q3,8136000000.0,609400000.0,1000000.0,89800000.0,924600000.0,432200000.0,367200000.0,126100000.0,3.94063,0.4446,0.2027,0.95,29.2241,27.7213,20.259,0.2445533769063181
2017-09-30 00:00:00.000000,AGN,Q3,52910638000.0,4034300000.0,0.0,-3955700000.0,10112800000.0,8559800000.0,71159400000.0,-4022300000.0,0.43912,0.864,-0.3715,-12.07,-12.0174,-12.4018,0.7167,-0.055589282652748616
2017-09-30 00:00:00.000000,ADS,Q3,11596328000.0,1912400000.0,1100000.0,233200000.0,21969300000.0,10392400000.0,1593600000.0,478900000.0,8.22584,0.3019,0.2163,4.21,14.4658,17.8885,5.8255,0.14633534136546184
2017-09-30 00:00:00.000000,LNT,Q3,9541738000.0,906900000.0,2300000.0,171400000.0,751500000.0,1470100000.0,4354200000.0,231500000.0,1.11286,0.3609,0.1932,0.73,20.8744,21.4121,2.1774,0.039364291948004226
2017-09-30 00:00:00.000000,GOOGL,Q3,742809680365.0,27772000000.0,39609000000.0,6732000000.0,119345000000.0,20693000000.0,157100000000.0,7782000000.0,0.02523,0.5888,0.2359,9.71,59.8511,57.6574,4.9614,0.04285168682367919
2017-09-30 00:00:00.000000,MO,Q3,109731343629.0,6729000000.0,935000000.0,1866000000.0,5156000000.0,6662000000.0,12166000000.0,2607000000.0,1.14171,0.4673,0.3736,0.97,10.7778,13.4482,7.1361,0.15337826730231793
2017-09-30 00:00:00.000000,AMZN,Q3,733195200000.0,43744000000.0,5000000.0,256000000.0,48578000000.0,47072000000.0,24658000000.0,347000000.0,1.00211,0.3707,0.0231,0.53,248.3724,185.0427,27.1772,0.010382026117284452
2017-09-30 00:00:00.000000,AEE,Q3,13651102000.0,1723000000.0,2000000.0,288000000.0,1581000000.0,2581000000.0,7345000000.0,581000000.0,1.10892,0.4583,0.236,1.19,26.2944,27.3102,1.9127,0.039210347174948944
2017-09-30 00:00:00.000000,AAL,Q3,22883091920.0,10878000000.0,5000000.0,624000000.0,10002000000.0,15307000000.0,3948000000.0,1232000000.0,6.25228,0.7372,0.0961,1.29,11.9949,13.273,5.8587,0.1580547112462006
2017-09-30 00:00:00.000000,AEP,Q3,33669631007.0,4104700000.0,3328300000.0,544700000.0,4067800000.0,7322000000.0,18069100000.0,986500000.0,1.20543,0.5816,0.2168,1.11,17.6443,18.9126,1.8442,0.03014538632250638
2017-09-30 00:00:00.000000,AMT,Q3,58498088220.0,1680766000.0,4375000.0,317268000.0,1963574000.0,2260236000.0,6518127000.0,561151000.0,2.95618,0.6914,0.2999,0.7,51.1685,53.0372,9.4492,0.04867471897985418
2017-09-30 00:00:00.000000,AWK,Q3,14893260000.0,936000000.0,2000000.0,203000000.0,860000000.0,1747000000.0,5518000000.0,423000000.0,1.3523,0.5895,0.3637,1.14,35.1555,38.2803,2.7812,0.0367886915549112
2017-09-30 00:00:00.000000,ABC,Q3,19620688010.0,38707144000.0,2804000.0,50352000.0,23677224000.0,25751076000.0,2553514000.0,170376000.0,1.48263,0.0297,0.0069,0.23,20.2867,49.5509,6.9037,0.019718709198383092
2017-09-30 00:00:00.000000,AME,Q3,17453660490.0,1084799000.0,2630000.0,153531000.0,2024483000.0,1270341000.0,3766155000.0,232831000.0,0.64534,0.3369,0.2128,0.67,25.7857,24.4831,4.3639,0.04076598015748157
2017-09-30 00:00:00.000000,AMGN,Q3,125410360000.0,5773000000.0,30898000000.0,2021000000.0,49752000000.0,8193000000.0,32229000000.0,2439000000.0,1.11006,0.8219,0.4365,2.78,63.777,64.1697,4.9957,0.06270749945701076
2017-09-30 00:00:00.000000,APH,Q3,26048697000.0,1840800000.0,300000.0,277500000.0,4352900000.0,1433700000.0,4067200000.0,377900000.0,0.87549,0.3295,0.2036,0.91,41.3641,41.2207,6.7595,0.06822875688434303
2017-09-30 00:00:00.000000,APC,Q3,36436520000.0,2496000000.0,57000000.0,-699000000.0,7473000000.0,3683000000.0,10782000000.0,-775000000.0,1.44435,0.7083,-0.0564,-1.27,-78.2235,-63.1059,3.4066,-0.06483027267668336
2017-09-30 00:00:00.000000,ADI,Q3,33129787680.0,1433902000.0,61279000.0,68916000.0,2188643000.0,1101077000.0,9922900000.0,194821000.0,0.82629,0.6112,0.2117,0.18,42.9474,43.6411,3.2458,0.006945147084017777
2017-09-30 00:00:00.000000,ANSS,Q3,13919334640.0,275585000.0,932000.0,73630000.0,1201674000.0,496352000.0,2287254000.0,106183000.0,0.0,0.8629,0.3567,0.87,54.9597,48.3902,6.3339,0.032191440041202245
2017-09-30 00:00:00.000000,AOS,Q3,10583064286.0,749900000.0,295700000.0,93700000.0,1698100000.0,731700000.0,1665900000.0,130900000.0,0.26994,0.4134,0.1737,0.54,38.3941,35.6279,6.9124,0.05624587310162675
2017-09-30 00:00:00.000000,APA,Q3,15792450000.0,1389000000.0,259000000.0,63000000.0,3769000000.0,2465000000.0,7011000000.0,8000000.0,1.20996,0.7318,0.1323,0.16,12.1554,12.345,2.1407,0.008985879332477536
2017-12-31 00:00:00.000000,MMM,Q4,130105625000.0,7990000000.0,9000000.0,523000000.0,14277000000.0,7687000000.0,11563000000.0,1725000000.0,1.20635,0.4946,0.2285,0.88,27.459,28.9508,11.5381,0.045230476519934275
2017-12-31 00:00:00.000000,ABBV,Q4,147789600000.0,7739000000.0,18000000.0,52000000.0,21223000000.0,16641000000.0,5097000000.0,1794000000.0,7.33137,0.7505,0.3399,0.03,28.0606,29.2175,29.1226,0.010202079654698843
2017-12-31 00:00:00.000000,ACN,Q4,94167229797.0,9640906000.0,71000.0,932453000.0,12097289000.0,9824279000.0,8949477000.0,1296562000.0,0.0028,0.299,0.126,1.51,26.7856,23.518,10.3276,0.10419078120430948
2017-12-31 00:00:00.000000,ATVI,Q4,49990200000.0,2043000000.0,0.0,-585000000.0,6520000000.0,3663000000.0,9462000000.0,221000000.0,0.46396,0.6436,0.1865,-0.78,184.1667,175.8889,5.3673,-0.06182625237793278
2017-12-31 00:00:00.000000,AYI,Q4,5296302000.0,957600000.0,500000.0,90500000.0,1245600000.0,600900000.0,1665600000.0,152700000.0,0.21428,0.4174,0.1393,2.15,15.8329,23.6984,3.2456,0.054334774255523535
2017-12-31 00:00:00.000000,ADBE,Q4,110831819640.0,2006595000.0,61000.0,501549000.0,7247813000.0,3527457000.0,8459869000.0,649340000.0,0.22239,0.8659,0.312,1.02,60.064,52.3382,13.0289,0.05928566978992228
2017-12-31 00:00:00.000000,AMD,Q4,9510480000.0,1480000000.0,9000000.0,61000000.0,2622000000.0,1486000000.0,611000000.0,82000000.0,2.28314,0.3421,0.0383,0.06,249.75,257.0,16.9879,0.09983633387888707
2017-12-31 00:00:00.000000,AAP,Q4,7662260960.0,2036986000.0,8000.0,184500000.0,5426892000.0,3480097000.0,3415196000.0,87152000.0,0.30579,0.4358,0.0608,2.5,16.162,15.4798,2.2516,0.05402325371662417
2017-12-31 00:00:00.000000,AES,Q4,7644137255.0,-64000000.0,8000000.0,-1342000000.0,6398000000.0,6028000000.0,2465000000.0,153000000.0,8.09939,0.234,0.1561,-2.04,-6.6023,-6.1534,3.1163,-0.5444219066937119
2017-12-31 00:00:00.000000,A,Q4,21818650000.0,1189000000.0,3000000.0,177000000.0,4169000000.0,1263000000.0,4831000000.0,233000000.0,0.41627,0.5433,0.1893,0.55,114.4915,32.0896,4.825,0.03663837714758849
2017-12-31 00:00:00.000000,APD,Q4,36396503000.0,2203100000.0,249400000.0,468700000.0,5876700000.0,2489000000.0,10086200000.0,455700000.0,0.39289,0.2949,0.1831,2.14,12.8097,10.9898,3.5874,0.046469433483373325
2017-12-31 00:00:00.000000,AKAM,Q4,12232156700.0,663452000.0,1699000.0,19107000.0,1308872000.0,463904000.0,3310723000.0,27903000.0,0.20023,0.6501,0.1263,0.11,56.5873,51.2126,3.7195,0.005771246945153672
2017-12-31 00:00:00.000000,ALK,Q4,8056767290.0,1962000000.0,1000000.0,373000000.0,2146000000.0,2700000000.0,3721000000.0,162000000.0,0.69041,0.6116,0.1588,3.04,7.8311,8.7616,2.1765,0.10024187046492879
2017-12-31 00:00:00.000000,ALB,Q4,10841843500.0,857789000.0,1105000.0,-218366000.0,2477563000.0,1200925000.0,3674549000.0,177470000.0,0.50003,0.3613,0.1913,-1.97,199.4898,261.0,2.9895,-0.0594266126264747
2017-12-31 00:00:00.000000,ALXN,Q4,24142720000.0,910000000.0,0.0,30000000.0,2953900000.0,952500000.0,8893100000.0,109000000.0,0.36332,0.8721,0.1767,0.14,54.7107,60.399,2.7269,0.0033734018508731487
2017-12-31 00:00:00.000000,ALGN,Q4,19786600950.0,421323000.0,8000.0,10264000.0,1157003000.0,497816000.0,1150370000.0,109606000.0,0.0,0.7581,0.24,0.13,87.3039,76.8824,17.5754,0.008922346723228178
2017-12-31 00:00:00.000000,ALLE,Q4,8136000000.0,623100000.0,1000000.0,9600000.0,1032700000.0,460800000.0,401600000.0,129200000.0,3.67854,0.4446,0.2027,0.1,29.2241,27.7213,20.259,0.02390438247011952
2017-12-31 00:00:00.000000,AGN,Q4,52910638000.0,4326100000.0,0.0,3121300000.0,11376700000.0,9848100000.0,73821100000.0,-90500000.0,0.42873,0.864,-0.3715,9.09,-12.0174,-12.4018,0.7167,0.042281949198806304
2017-12-31 00:00:00.000000,ADS,Q4,11596328000.0,2106200000.0,1100000.0,271300000.0,24705600000.0,10146700000.0,1855300000.0,462700000.0,8.02399,0.3019,0.2163,4.9,14.4658,17.8885,5.8255,0.14622972026087425
2017-12-31 00:00:00.000000,LNT,Q4,9541738000.0,856100000.0,2300000.0,96300000.0,905100000.0,2149000000.0,4382200000.0,129700000.0,1.20522,0.3609,0.1932,0.4,20.8744,21.4121,2.1774,0.021975263566245264
2017-12-31 00:00:00.000000,GOOGL,Q4,742809680365.0,32323000000.0,40247000000.0,-3020000000.0,124308000000.0,24183000000.0,152502000000.0,7664000000.0,0.02603,0.5888,0.2359,-4.38,59.8511,57.6574,4.9614,-0.019803018976800306
2017-12-31 00:00:00.000000,MO,Q4,109731343629.0,6101000000.0,935000000.0,4966000000.0,4344000000.0,6792000000.0,15377000000.0,2163000000.0,0.90356,0.4673,0.3736,2.59,10.7778,13.4482,7.1361,0.32294986018078947
2017-12-31 00:00:00.000000,AMZN,Q4,733195200000.0,60453000000.0,5000000.0,1857000000.0,60197000000.0,57883000000.0,27709000000.0,2127000000.0,0.89296,0.3707,0.0231,3.86,248.3724,185.0427,27.1772,0.06701793641055252
2017-12-31 00:00:00.000000,AEE,Q4,13651102000.0,1402000000.0,2000000.0,-54000000.0,1612000000.0,2940000000.0,7184000000.0,225000000.0,1.17191,0.4583,0.236,-0.24,26.2944,27.3102,1.9127,-0.007516703786191537
2017-12-31 00:00:00.000000,AAL,Q4,22883091920.0,10601000000.0,5000000.0,258000000.0,9146000000.0,14964000000.0,3926000000.0,690000000.0,6.38436,0.7372,0.0961,0.55,11.9949,13.273,5.8587,0.06571574121242996
2017-12-31 00:00:00.000000,AEP,Q4,33669631007.0,3810400000.0,3329400000.0,400700000.0,4253100000.0,8271300000.0,18287000000.0,742200000.0,1.24744,0.5816,0.2168,0.82,17.6443,18.9126,1.8442,0.021911740580740417
2017-12-31 00:00:00.000000,AMT,Q4,58498088220.0,1704500000.0,4400000.0,238500000.0,2038100000.0,2512100000.0,6241500000.0,329000000.0,3.23722,0.6914,0.2999,0.51,51.1685,53.0372,9.4492,0.03821196827685652
2017-12-31 00:00:00.000000,AWK,Q4,14893260000.0,821000000.0,2000000.0,-1000000.0,720000000.0,2325000000.0,5385000000.0,272000000.0,1.43305,0.5895,0.3637,0.0,35.1555,38.2803,2.7812,-0.00018570102135561745
2017-12-31 00:00:00.000000,ABC,Q4,19620688010.0,39120015000.0,2806000.0,-344587000.0,24303299000.0,26818165000.0,2064461000.0,-135002000.0,1.83762,0.0297,0.0069,-1.58,20.2867,49.5509,6.9037,-0.16691378524467163
2017-12-31 00:00:00.000000,AME,Q4,17453660490.0,1143085000.0,2631000.0,238532000.0,1934655000.0,1138663000.0,4027633000.0,229580000.0,0.53984,0.3369,0.2128,1.03,25.7857,24.4831,4.3639,0.05922386672271282
2017-12-31 00:00:00.000000,AMGN,Q4,125410360000.0,5802000000.0,30992000000.0,-4264000000.0,49476000000.0,9020000000.0,25241000000.0,2245000000.0,1.40018,0.8219,0.4365,-5.81,63.777,64.1697,4.9957,-0.1689315003367537
2017-12-31 00:00:00.000000,APH,Q4,26048697000.0,1943900000.0,300000.0,-103400000.0,4656000000.0,1579400000.0,3989800000.0,399400000.0,0.88791,0.3295,0.2036,-0.34,41.3641,41.2207,6.7595,-0.02591608601934934
2017-12-31 00:00:00.000000,APC,Q4,36436520000.0,2929000000.0,57000000.0,976000000.0,6762000000.0,3906000000.0,10696000000.0,338000000.0,1.46681,0.7083,-0.0564,1.75,-78.2235,-63.1059,3.4066,0.0912490650710546
2017-12-31 00:00:00.000000,ADI,Q4,33129787680.0,1541170000.0,61441000.0,347650000.0,2351338000.0,1596332000.0,10161540000.0,448210000.0,0.77263,0.6112,0.2117,0.97,42.9474,43.6411,3.2458,0.03421233395725451
2017-12-31 00:00:00.000000,ANDV,Q4,16505181000.0,10652000000.0,33000000.0,879000000.0,6883000000.0,5001000000.0,9815000000.0,203000000.0,0.78299,0.1857,0.0443,6.1,10.8982,10.4803,1.696,0.08955680081507895
2017-12-31 00:00:00.000000,ANSS,Q4,13919334640.0,302336000.0,932000.0,52585000.0,1270266000.0,608553000.0,2245831000.0,100679000.0,0.0,0.8629,0.3567,0.62,54.9597,48.3902,6.3339,0.023414495569791315
2017-12-31 00:00:00.000000,AOS,Q4,10583064286.0,768600000.0,295700000.0,22700000.0,1766800000.0,788500000.0,1648800000.0,140800000.0,0.24891,0.4134,0.1737,0.14,38.3941,35.6279,6.9124,0.013767588549247938
2017-12-31 00:00:00.000000,APA,Q4,15792450000.0,1640000000.0,259000000.0,456000000.0,3725000000.0,2564000000.0,7416000000.0,429000000.0,1.14401,0.7318,0.1323,1.19,12.1554,12.345,2.1407,0.061488673139158574
2018-03-31 00:00:00.000000,ACN,Q1,94167229797.0,10054493000.0,71000.0,1123660000.0,12303841000.0,9863026000.0,9102130000.0,1485880000.0,0.00277,0.299,0.126,1.82,26.7856,23.518,10.3276,0.12345022538680507
2018-03-31 00:00:00.000000,AYI,Q1,5296302000.0,842800000.0,500000.0,71500000.0,1323800000.0,594900000.0,1726100000.0,118600000.0,0.20677,0.4174,0.1393,1.71,15.8329,23.6984,3.2456,0.04142286078442732
2018-03-31 00:00:00.000000,ADBE,Q1,110831819640.0,2078947000.0,61000.0,583076000.0,7480814000.0,3536469000.0,8634028000.0,702733000.0,0.21714,0.8659,0.312,1.18,60.064,52.3382,13.0289,0.0675323267425123
2018-03-31 00:00:00.000000,A,Q1,21818650000.0,1211000000.0,3000000.0,-320000000.0,4397000000.0,1361000000.0,4522000000.0,239000000.0,0.47435,0.5433,0.1893,-0.99,114.4915,32.0896,4.825,-0.07076514816452897
2018-03-31 00:00:00.000000,APD,Q1,36396503000.0,2216600000.0,249400000.0,154600000.0,5355500000.0,1831600000.0,10215300000.0,460700000.0,0.34393,0.2949,0.1831,0.71,12.8097,10.9898,3.5874,0.015134161502843774
2018-03-31 00:00:00.000000,ABC,Q1,19620688010.0,40466332000.0,2814000.0,861853000.0,25296432000.0,26740291000.0,2874582000.0,418973000.0,1.61322,0.0297,0.0069,3.95,20.2867,49.5509,6.9037,0.2998185475314324
2018-03-31 00:00:00.000000,ADI,Q1,33129787680.0,1518624000.0,61635000.0,268172000.0,2177746000.0,1236548000.0,10347779000.0,405348000.0,0.7185,0.6112,0.2117,0.72,42.9474,43.6411,3.2458,0.02591589944083653
